timestamp,id,price,q
1500593106379,61032121,2766.0747,0.0
1500593106379,61032121,2765.9699,0.0
1500593106379,61032121,2765.86,0.0
1500593106379,61032121,2768.113,0.02155829
1500593106531,61032123,2780.8017,8.50776512
1500593106531,61032123,2774.7671,0.0
1500593106792,61032126,2768.113,0.0
1500593106792,61032126,2768.12,1.32243004
1500593106792,61032127,2777.7839,0.0
1500593106792,61032127,2779.3032,1.71492484
1500593107792,61032128,2784.4544,0.0
1500593109540,61032146,2784.4213,0.0
1500593109932,61032151,2784.8372,0.0
1500593109932,61032151,2784.0819,3.04668145
1500593109978,61032152,2771.0922,0.0
1500593109978,61032152,2768.2488,2.28785846
1500593110157,61032156,2774.7162,8.50776512
1500593110157,61032156,2780.8017,0.0
1500593110576,61032161,2811.9814,22.60394659
1500593110576,61032161,2814.8329,0.0
1500593111033,61032168,2777.2696,0.96153426
1500593111034,61032169,2768.12,0.9890967
1500593111180,61032170,2811.1984,30.0
1500593111180,61032170,2814.0491,0.0
1500593111283,61032172,2768.12,0.25576336
1500593111727,61032180,2885.5396,0.0
1500593111737,61032181,2783.9329,0.0
1500593112245,61032185,2884.7072,1.4
1500593112246,61032186,2774.7161,0.07605447
1500593112246,61032186,2777.784,0.0
1500593112787,61032193,2765.8599,0.01
1500593113910,61032208,2772.483,0.83120841
1500593114229,61032213,2765.75,0.063
1500593114762,61032219,2771.4548,2.28785846
1500593114762,61032219,2768.2488,0.0
1500593114847,61032221,2771.1005,0.65626758
1500593115591,61032222,2780.7915,8.50776512
1500593115591,61032222,2774.7162,0.0
1500593115666,61032223,2784.5188,0.0
1500593116626,61032226,2765.7499,0.05049087
1500593117022,61032229,2765.75,0.0
1500593117022,61032229,2765.64,0.063
1500593118018,61032230,2771.4548,0.0
1500593118018,61032230,2777.8741,2.28785846
1500593118029,61032231,2772.3771,0.23251912
1500593118477,61032233,2765.6399,0.05049087
1500593118477,61032233,2765.7499,0.0
1500593118792,61032234,2779.3033,0.0
1500593118793,61032235,2765.64,0.0
1500593118793,61032235,2765.53,0.063
1500593120568,61032238,2765.5299,0.05049087
1500593120568,61032238,2765.6399,0.0
1500593120958,61032240,2768.2558,0.89406055
1500593120967,61032241,2765.42,0.063
1500593120967,61032241,2765.53,0.0
1500593121667,61032242,2777.8741,0.0
1500593121667,61032242,2771.4548,2.28785846
1500593121671,61032243,2779.3831,0.0
1500593122364,61032244,2765.5299,0.0
1500593122364,61032244,2765.4199,0.05049087
1500593122827,61032245,2765.42,0.0
1500593122827,61032245,2765.31,0.063
1500593122827,61032246,2768.6807,0.20832738
1500593123100,61032247,2771.1004,0.05344702
1500593123100,61032247,2777.6172,0.700679
1500593123363,61032248,2811.9814,0.0
1500593123363,61032248,2808.1394,22.60394659
1500593123597,61032249,2780.7915,0.0
1500593123597,61032249,2783.2782,8.50776512
1500593123668,61032251,2781.1957,0.0
1500593124103,61032253,2769.5389,0.0
1500593124454,61032254,2765.3099,0.05049087
1500593124454,61032254,2765.4199,0.0
1500593124565,61032255,2768.12,0.0
1500593124819,61032257,2765.2,0.063
1500593124819,61032257,2765.31,0.0
1500593124836,61032258,2765.42,0.54259882
1500593125630,61032259,2772.4829,0.16048704
1500593125630,61032259,2772.7283,0.10832522
1500593125668,61032260,2771.4548,0.0
1500593125668,61032260,2782.1544,2.28785846
1500593125668,61032261,2771.1193,0.60567713
1500593126003,61032265,2804.606,30.0
1500593126003,61032265,2811.1984,0.0
1500593126553,61032267,2765.3099,0.0
1500593126553,61032267,2765.1999,0.05049087
1500593127008,61032269,2765.32,0.063
1500593127008,61032269,2765.2,0.0
1500593127332,61032270,2808.1394,0.0
1500593127332,61032270,2839.676,22.60394659
1500593127826,61032272,2787.8502,8.50776512
1500593127826,61032272,2783.2782,0.0
1500593127832,61032273,2783.9232,0.0
1500593127833,61032274,2777.2695,0.27036719
1500593127833,61032274,2777.6172,0.43031181
1500593128500,61032276,2765.32,0.0
1500593128500,61032276,2765.42,0.32275635
1500593128500,61032276,2765.1999,0.0
1500593128799,61032277,2765.42,0.0
1500593128799,61032277,2765.8599,0.0
1500593128799,61032277,2768.2558,0.56015023
1500593129030,61032278,2770.0274,0.82396793
1500593129498,61032279,2768.6807,0.0
1500593129498,61032279,2768.2558,0.0
1500593129498,61032279,2770.0274,0.48691712
1500593129754,61032280,2769.5389,0.6714109
1500593129935,61032281,2784.9665,0.0
1500593130577,61032284,2842.1874,0.0
1500593130657,61032287,2777.2695,0.700679
1500593130657,61032287,2777.6172,0.0
1500593130671,61032288,2773.1187,0.61380738
1500593131105,61032289,2790.7971,0.0
1500593131406,61032293,2769.5388,0.19366114
1500593131793,61032298,2777.2695,12.154979
1500593131794,61032299,2791.2815,8.50776512
1500593131794,61032299,2787.8502,0.0
1500593131819,61032300,2784.992,0.0
1500593132013,61032304,2779.3031,0.3505246
1500593132014,61032305,2809.1889,30.0
1500593132014,61032305,2804.606,0.0
1500593132871,61032314,2782.1544,0.0
1500593132871,61032314,2784.4706,2.28785846
1500593132872,61032315,2773.2625,0.59993404
1500593132883,61032316,2779.3032,0.44388324
1500593132883,61032316,2771.1004,1.32448862
1500593133581,61032325,2816.8847,22.60394659
1500593133581,61032325,2839.676,0.0
1500593134140,61032334,2784.082,0.0
1500593134734,61032344,2773.5465,0.42740598
1500593134821,61032347,2769.42,0.01
1500593135265,61032357,2769.4199,0.10832522
1500593135265,61032357,2772.7283,0.0
1500593135276,61032358,2769.5388,0.0
1500593135276,61032358,2769.4198,0.19366114
1500593135532,61032361,2791.2815,0.0
1500593135532,61032361,2794.3346,8.50776512
1500593135609,61032364,2779.3031,0.0
1500593135822,61032368,2771.1003,0.3505246
1500593135861,61032369,2769.5388,0.04512018
1500593137177,61032383,2777.9081,0.41009149
1500593138247,61032398,2853.5281,22.60394659
1500593138247,61032398,2816.8847,0.0
1500593139243,61032409,2794.3346,0.0
1500593139243,61032409,2803.4863,8.50776512
1500593139300,61032412,2777.2696,0.0
1500593139639,61032415,2769.31,0.032
1500593139828,61032421,2783.9231,0.0
1500593139828,61032421,2784.4705,2.10587755
1500593140857,61032434,2773.7974,0.90949023
1500593140900,61032436,2789.2105,2.28785846
1500593140900,61032436,2784.4706,0.0
1500593141018,61032438,2769.4198,0.0
1500593141018,61032438,2771.1002,0.20514102
1500593141674,61032441,2803.4863,0.0
1500593141674,61032441,2806.8695,8.50776512
1500593142232,61032443,2789.2104,1.76854434
1500593142232,61032443,2781.1956,0.0
1500593142882,61032448,2772.483,0.0
1500593142882,61032449,2884.7072,0.0
1500593143667,61032452,2789.2105,0.0
1500593143667,61032452,2791.2405,2.28785846
1500593144071,61032454,2883.8866,1.41
1500593144175,61032455,2800,0.57912998
1500593144330,61032456,2779.3032,0.0
1500593144330,61032456,2789.5599,0.44388324
1500593144940,61032460,2779.1509,0.98055238
1500593145756,61032463,2771.1005,0.0
1500593146069,61032467,2769.42,0.52703341
1500593146565,61032470,2789.5599,3.49056469
1500593146565,61032470,2784.0819,0.0
1500593146670,61032472,2780.5038,0.97479135
1500593147727,61032474,2791.2405,0.0
1500593147727,61032474,2789.3161,2.28785846
1500593147728,61032475,2772.3771,0.0
1500593147821,61032477,2771.1002,0.0
1500593147821,61032477,2769.4198,0.20514102
1500593148429,61032478,2769.4198,0.0
1500593148429,61032478,2769.31,0.0
1500593148429,61032478,2769.4199,0.0121329
1500593148533,61032479,2806.8695,0.0
1500593148533,61032479,2803.4959,8.50776512
1500593148807,61032480,2769.3099,0.01
1500593149030,61032482,2769.4199,0.0
1500593149030,61032482,2769.3099,0.0
1500593149030,61032482,2769.42,0.21583297
1500593149216,61032483,2777.908,0.07605447
1500593149216,61032483,2774.7161,0.0
1500593149668,61032486,2773.5318,0.59268957
1500593149998,61032488,2815.9357,30.0
1500593149998,61032488,2809.1889,0.0
1500593150611,61032489,2769.5388,0.0
1500593150611,61032489,2769.5389,0.4323675
1500593150611,61032489,2769.42,0.0
1500593151531,61032493,2803.4959,0.0
1500593151531,61032493,2800.0796,8.50776512
1500593151758,61032494,2789.3161,0.0
1500593151758,61032494,2771.201,2.28785846
1500593152238,61032496,2769.5389,0.09903416
1500593152372,61032497,2853.5281,0.0
1500593152372,61032497,2837.8291,22.60394659
1500593152774,61032498,2780.5761,0.53506613
1500593153275,61032499,2770.0274,0.0
1500593153275,61032499,2771.1004,0.2609645
1500593153275,61032499,2771.1003,0.0
1500593153275,61032499,2769.5389,0.0
1500593153752,61032501,2771.1193,0.0
1500593153752,61032501,2771.1004,0.0
1500593153977,61032503,2771.201,0.0
1500593153977,61032503,2791.3462,2.28785846
1500593154256,61032505,2773.1187,0.27429794
1500593154256,61032505,2772.4829,0.0
1500593154285,61032506,2773.1187,0.21729495
1500593154569,61032509,2800.0796,0.0
1500593154569,61032509,2810.2399,8.50776512
1500593156649,61032512,2773.5318,0.40991856
1500593156649,61032512,2773.1187,0.0
1500593156649,61032512,2773.2625,0.0
1500593156679,61032513,2774.856,0.85685158
1500593157392,61032515,2773.01,0.016
1500593157541,61032516,2812.404,8.50776512
1500593157541,61032516,2810.2399,0.0
1500593157698,61032517,2795.6702,2.28785846
1500593157698,61032517,2791.3462,0.0
1500593158025,61032519,2773.01,0.0
1500593158025,61032519,2773.43,0.016
1500593158823,61032524,2773.5318,0.12591966
1500593158823,61032524,2773.43,0.0
1500593159361,61032529,2837.8291,0.0
1500593159361,61032529,2828.6682,22.60394659
1500593159675,61032534,2780.1222,0.73072356
1500593162007,61032560,2782.2767,2.28785846
1500593162007,61032560,2795.6702,0.0
1500593162543,61032563,2773.5318,0.0
1500593162543,61032563,2773.5465,0.0
1500593162543,61032563,2773.7974,0.65736656
1500593162578,61032564,2812.404,0.0
1500593162578,61032564,2810.2399,8.50776512
1500593162676,61032566,2778.2819,0.62618017
1500593162767,61032567,2773.7974,0.47192043
1500593163669,61032569,2773.7974,0.46188005
1500593163873,61032570,2790.7972,0.0
1500593164811,61032577,2792.753,2.28785846
1500593164811,61032577,2782.2767,0.0
1500593164828,61032578,2782.2766,0.27036719
1500593164828,61032578,2777.2695,11.88461181
1500593165558,61032580,2801.8082,8.50776512
1500593165558,61032580,2810.2399,0.0
1500593166491,61032582,2774.856,0.65206496
1500593166491,61032582,2773.7974,0.0
1500593167025,61032585,2774.856,0.62350952
1500593167035,61032586,2774.856,0.0
1500593167035,61032586,2777.2695,11.28914498
1500593168150,61032587,2781.6643,0.1369361
1500593168285,61032589,2815.9357,0.0
1500593168285,61032589,2825.2702,30.0
1500593168293,61032590,2777.2694,0.01
1500593169168,61032591,2792.753,0.0
1500593169168,61032591,2796.0145,2.28785846
1500593169171,61032592,2845.0719,0.0
1500593170045,61032594,2801.8082,0.0
1500593170045,61032594,2814.1275,8.50776512
1500593170046,61032595,2832.3252,22.60394659
1500593170046,61032595,2828.6682,0.0
1500593170180,61032598,2800,0.50285998
1500593170205,61032599,2777.2695,0.0
1500593171077,61032603,2777.2694,0.0
1500593171077,61032603,2777.9081,0.0
1500593171077,61032603,2778.2819,0.45565946
1500593171077,61032603,2777.908,0.0
1500593171377,61032604,2812.4039,11.4543
1500593171978,61032607,2778.2819,0.15566111
1500593173306,61032612,2800,0.0
1500593173330,61032613,2835.0679,22.60394659
1500593173330,61032613,2832.3252,0.0
1500593173747,61032615,2799.2526,2.28785846
1500593173747,61032615,2796.0145,0.0
1500593174518,61032618,2780.1222,0.20027038
1500593174518,61032618,2779.1509,0.0
1500593174518,61032618,2778.2819,0.0
1500593175697,61032620,2812.4039,0.0
1500593175876,61032622,2780.1222,0.0
1500593175876,61032622,2780.5038,0.6750651
1500593176290,61032625,2832.8216,30.0
1500593176290,61032625,2825.2702,0.0
1500593176861,61032630,2789.2103,11.4543
1500593177329,61032631,2780.5038,0.62267442
1500593177709,61032633,2799.2526,0.0
1500593177709,61032633,2801.4246,2.28785846
1500593178062,61032635,2780.5038,0.56025928
1500593178815,61032638,2784.4705,0.0
1500593178815,61032638,2789.2102,2.10587755
1500593181178,61032641,2780.5038,0.26025969
1500593181344,61032643,2844.238,22.60394659
1500593181344,61032643,2835.0679,0.0
1500593181768,61032645,2789.2102,3.87442189
1500593181768,61032645,2789.2104,0.0
1500593182074,61032647,2780.5761,0.43532582
1500593182074,61032647,2780.5038,0.0
1500593182832,61032649,2797.3645,2.28785846
1500593182832,61032649,2801.4246,0.0
1500593182985,61032650,2789.2103,0.0
1500593183502,61032651,2814.1274,11.4543
1500593183657,61032652,2814.1275,0.0
1500593183657,61032652,2822.2292,8.50776512
1500593184460,61032653,2789.5599,3.49056469
1500593184667,61032654,2814.1274,0.0
1500593185316,61032655,2795.6411,11.4543
1500593186347,61032661,2844.238,0.0
1500593186347,61032661,2855.1339,22.60394659
1500593186667,61032666,2797.3645,0.0
1500593186667,61032666,2792.259,2.28785846
1500593186683,61032667,2795.6411,0.0
1500593186732,61032668,2789.5599,0.44388324
1500593186732,61032668,2795.641,3.04668145
1500593187315,61032669,2782.2766,0.0
1500593187315,61032669,2781.6643,0.0
1500593187315,61032669,2780.5761,0.0
1500593187315,61032669,2789.2102,3.41414465
1500593187628,61032670,2780,0.05
1500593187648,61032672,2814.1274,11.4543
1500593188333,61032674,2780,1.21891763
1500593188455,61032675,2780.5037,0.01
1500593188927,61032677,2787.9048,0.21561873
1500593188927,61032678,2780,0.0
1500593188927,61032678,2780.5037,0.0
1500593188974,61032680,2787.9048,0.0
1500593188974,61032680,2789.2102,3.12976338
1500593189119,61032681,2839.9275,30.0
1500593189119,61032681,2832.8216,0.0
1500593189342,61032685,2789.2101,0.20746688
1500593189617,61032693,2817.8102,8.50776512
1500593189617,61032693,2822.2292,0.0
1500593190670,61032699,2827.2363,2.28785846
1500593190670,61032699,2792.259,0.0
1500593193372,61032706,2789.13,0.02
1500593194995,61032723,2822.9005,8.50776512
1500593194995,61032723,2817.8102,0.0
1500593195028,61032724,2827.2363,0.0
1500593195028,61032724,2801.4449,2.28785846
1500593195413,61032729,2789.13,0.0
1500593195413,61032729,2789.2101,0.07646922
1500593196111,61032738,2839.9275,0.0
1500593196111,61032738,2850.2895,30.0
1500593197513,61032754,2789.2102,3.08366431
1500593197513,61032754,2789.2101,0.0
1500593197582,61032757,2789.2101,0.20746688
1500593197965,61032762,2789.2102,2.61075625
1500593197965,61032762,2789.2101,0.0
1500593198818,61032774,2822.9005,0.0
1500593198818,61032774,2835.7938,8.50776512
1500593199668,61032783,2801.4449,0.0
1500593199668,61032783,2827.2058,2.28785846
1500593200283,61032792,2789.2102,2.59631489
1500593202534,61032798,2838.0328,8.50776512
1500593202534,61032798,2835.7938,0.0
1500593202667,61032799,2814.1935,2.28785846
1500593202667,61032799,2827.2058,0.0
1500593205195,61032806,2842.273,0.0
1500593206063,61032807,2870.4903,11.4543
1500593206511,61032808,2814.1274,0.0
1500593206576,61032809,2830.2044,8.50776512
1500593206576,61032809,2838.0328,0.0
1500593206799,61032811,2814.1935,0.0
1500593206799,61032811,2821.6537,2.28785846
1500593207023,61032814,2829.9999,11.4543
1500593208593,61032824,2789.2102,2.29631599
1500593210206,61032843,2850.2895,0.0
1500593210206,61032843,2840.0167,30.0
1500593210869,61032845,2834.6826,8.50776512
1500593210869,61032845,2830.2044,0.0
1500593211294,61032847,2900,0.75285998
1500593211927,61032849,3110,0.98356074
1500593213668,61032854,2807.9474,2.28785846
1500593213668,61032854,2821.6537,0.0
1500593214099,61032855,2789.2102,2.09591876
1500593214423,61032856,2789.2102,1.16258786
1500593214449,61032857,2789.2102,0.88912694
1500593216677,61032862,2807.9474,0.0
1500593216677,61032862,2822.608,2.28785846
1500593217608,61032863,2789.56,0.0
1500593217608,61032863,2789.2102,0.0
1500593217608,61032863,2789.5599,0.0
1500593217829,61032870,2795.6409,0.20053169
1500593218389,61032871,2795.6409,0.0
1500593218389,61032871,2795.641,2.94721589
1500593218609,61032873,2832.3255,8.93891933
1500593218609,61032873,2834.6826,0.0
1500593219478,61032874,2795.6408,0.01
1500593220845,61032877,2822.608,0.0
1500593220845,61032877,2827.1654,2.28785846
1500593221547,61032879,2829.9999,0.0
1500593222131,61032882,2807.9473,11.4543
1500593222612,61032886,2807.9473,0.0
1500593223070,61032890,2822.6079,11.4543
1500593224570,61032917,2838.1986,8.93891933
1500593224570,61032917,2832.3255,0.0
1500593225205,61032927,2795.6408,0.0
1500593225422,61032930,2795.641,0.0
1500593231894,61032950,2795.6411,0.19718381
1500593232238,61032956,2844.3514,30.0
1500593232238,61032956,2840.0167,0.0
1500593234514,61032967,2822.6078,0.19718381
1500593234514,61032967,2795.6411,0.0
1500593240713,61032985,2795.641,0.01
1500593242833,61032993,2827.1654,0.0
1500593242833,61032993,2829.7318,3.11792434
1500593244207,61033000,2847.1523,30.0
1500593244207,61033000,2844.3514,0.0
1500593244763,61033002,2795.641,0.0
1500593244763,61033002,2795.6412,0.0
1500593245265,61033009,2822.6077,0.01
1500593248012,61033021,2847.1523,0.0
1500593248012,61033021,2850.7277,30.0
1500593249552,61033036,2842.4562,8.93891933
1500593249552,61033036,2838.1986,0.0
1500593251667,61033064,2834.8169,3.11792434
1500593251667,61033064,2829.7318,0.0
1500593254580,61033107,2845.6564,8.93891933
1500593254580,61033107,2842.4562,0.0
1500593257198,61033132,2834.8169,0.0
1500593257198,61033132,2841.8912,3.11792434
1500593261197,61033178,2822.6077,0.0
1500593261197,61033178,2822.6078,0.18874849
1500593261616,61033184,2854.3401,8.93891933
1500593261616,61033184,2845.6564,0.0
1500593262431,61033194,2858.7851,22.60394659
1500593262431,61033194,2855.1339,0.0
1500593262747,61033201,2841.8912,0.0
1500593262747,61033201,2831.7719,3.11792434
1500593264668,61033218,2831.7719,0.0
1500593264668,61033218,2841.9217,3.11792434
1500593266216,61033239,2830,0.7571
1500593266437,61033242,2855.6167,22.60394659
1500593266437,61033242,2858.7851,0.0
1500593270226,61033291,2822.6079,10.50006301
1500593270226,61033291,2822.6078,0.0
1500593270705,61033296,2822.6079,8.70006301
1500593271530,61033309,2857.0326,8.93891933
1500593271530,61033309,2854.3401,0.0
1500593272125,61033316,2852.8698,30.0
1500593272125,61033316,2850.7277,0.0
1500593272978,61033328,2849.9148,3.11792434
1500593272978,61033328,2841.9217,0.0
1500593275346,61033353,2855.6167,0.0
1500593275346,61033353,2863.2856,22.60394659
1500593275778,61033358,2822.6079,0.0
1500593276473,61033369,2870.4903,0.0
1500593276667,61033372,2849.9148,0.0
1500593276667,61033372,2845.4187,3.11792434
1500593276754,61033374,2839.9999,11.4543
1500593278072,61033395,2898.5005,11.4543
1500593281113,61033436,2849.8945,3.11792434
1500593281113,61033436,2845.4187,0.0
1500593281130,61033437,3100,4.1573598
1500593288564,61033520,2842.1872,1.09961216
1500593290309,61033545,2850.7277,30.0
1500593290309,61033545,2852.8698,0.0
1500593292460,61033576,2829.9999,0.01
1500593294180,61033595,2830,0.0
1500593294180,61033595,2839.9999,9.1974175
1500593294180,61033595,2829.9999,0.0
1500593294180,61033595,2834.9798,0.0
1500593296705,61033622,2839.9999,0.0
1500593297048,61033627,2842.1871,0.53890736
1500593297359,61033633,2857.0325,11.4543
1500593298587,61033651,2849.8944,3.02238752
1500593302579,61033665,2839.9999,0.01353246
1500593302651,61033666,2854.984,8.93891933
1500593302651,61033666,2857.0326,0.0
1500593302749,61033668,2842.1871,0.0
1500593303891,61033672,2839.9999,0.20391726
1500593306762,61033698,2846.8786,7.10289934
1500593306762,61033698,2849.8945,0.0
1500593307247,61033706,2849.8943,0.538
1500593307531,61033709,2854.984,0.0
1500593307531,61033709,2852.7186,8.93891933
1500593309422,61033728,2863.2856,0.0
1500593309422,61033728,2865.6367,22.60394659
1500593309460,61033729,2998.98,0.5
1500593310820,61033745,2854.9993,8.93891933
1500593310820,61033745,2852.7186,0.0
1500593312065,61033747,2998.9999,0.0
1500593313179,61033749,2998.9799,0.44413877
1500593315669,61033757,2846.8786,0.0
1500593316731,61033760,2849.9743,7.10289934
1500593322121,61033768,2849.8943,0.0
1500593322467,61033769,2849.8941,0.538
1500593324607,61033776,2839.9998,0.01
1500593325502,61033778,2839.9999,0.1903848
1500593325502,61033778,2839.9997,0.01353246
1500593328531,61033789,2852.7427,8.93891933
1500593328531,61033789,2854.9993,0.0
1500593331672,61033797,2849.9743,0.0
1500593331672,61033797,2854.9173,7.10289934
1500593332413,61033802,2863.2856,22.60394659
1500593332413,61033802,2865.6367,0.0
1500593332583,61033803,2852.7427,0.0
1500593332583,61033803,2855.3027,9.62234495
1500593335931,61033812,2854.9173,0.0
1500593335931,61033812,2850.1778,7.10289934
1500593335936,61033813,2855.3027,0.0
1500593335936,61033813,2852.9307,9.62234495
1500593337506,61033815,2849.8941,0.0
1500593337858,61033816,2849.8939,0.538
1500593338022,61033817,2849.9999,3.02238752
1500593338022,61033817,2849.8944,0.0
1500593340148,61033821,2857.0325,0.0
1500593340788,61033825,2938,0.75
1500593340789,61033827,2898.5005,0.0
1500593341321,61033829,2883.1597,11.4543
1500593341321,61033830,2920.0247,11.4543
1500593341495,61033831,2839.9996,0.07465365
1500593341515,61033832,2839.9999,0.0
1500593341515,61033832,2839.9995,0.19152103
1500593341530,61033833,2855.0483,9.62234495
1500593341530,61033833,2852.9307,0.0
1500593341713,61033835,2854.9173,7.10289934
1500593341713,61033835,2850.1778,0.0
1500593342322,61033837,2839.9,0.01
1500593342447,61033839,2839.8999,0.01353246
1500593342447,61033839,2839.9997,0.0
1500593342605,61033840,2854.81,0.179
1500593343149,61033844,2849.79,0.179
1500593343149,61033844,2854.81,0.0
1500593344899,61033855,2854.9173,0.0
1500593344899,61033855,2856.6319,7.10289934
1500593345636,61033857,2855.0483,0.0
1500593345636,61033857,2862.3982,9.62234495
1500593348260,61033865,2856.53,0.179
1500593348260,61033865,2849.79,0.0
1500593348817,61033866,2852.6864,9.62234495
1500593348817,61033866,2862.3982,0.0
1500593348975,61033868,2849.79,0.179
1500593348975,61033868,2856.53,0.0
1500593350945,61033873,2883.8866,0.0
1500593350945,61033874,2851.213,7.10289934
1500593350945,61033874,2856.6319,0.0
1500593352273,61033879,2883.5423,1.42
1500593352700,61033880,2852.6864,0.0
1500593352700,61033880,2862.3931,9.62234495
1500593353103,61033882,2849.8939,0.0
1500593353491,61033886,2849.7898,0.538
1500593353492,61033887,2849.89,0.179
1500593353492,61033887,2849.79,0.0
1500593354193,61033891,2849.89,0.0
1500593354193,61033891,2849.68,0.179
1500593354366,61033892,2839.8998,0.1572176
1500593354381,61033893,2839.8997,0.20161262
1500593354381,61033893,2839.9995,0.0
1500593354486,61033894,2839.8996,0.01353246
1500593354486,61033894,2839.8999,0.0
1500593354880,61033898,2851.213,0.0
1500593354880,61033898,2856.6319,7.10289934
1500593356716,61033903,2862.3931,0.0
1500593356716,61033903,2866.5993,9.62234495
1500593357033,61033905,2842.1871,0.26579715
1500593358263,61033907,2883.1597,0.0
1500593358285,61033908,2854.9275,7.10289934
1500593358285,61033908,2856.6319,0.0
1500593358363,61033909,2839.8998,0.1672176
1500593358544,61033910,2857.145,0.0
1500593358658,61033912,2863.2855,11.4543
1500593359529,61033920,2866.5993,0.0
1500593359529,61033920,2854.5306,9.62234495
1500593361551,61033924,2849.68,0.0
1500593362548,61033932,2849.68,0.232
1500593363159,61033936,2955,0.0248002
1500593363770,61033938,2863.1097,9.62234495
1500593363770,61033938,2854.5306,0.0
1500593364189,61033941,2863.2855,0.0
1500593364722,61033944,2839.8995,0.10600013
1500593364735,61033946,2839.8994,0.20161262
1500593364735,61033946,2839.8997,0.0
1500593364765,61033947,2883.1596,11.4543
1500593365016,61033948,2839.8894,0.3
1500593365033,61033950,2839.8893,0.20161262
1500593365033,61033950,2839.8994,0.0
1500593366666,61033957,2850.8295,7.10289934
1500593366666,61033957,2854.9275,0.0
1500593367659,61033962,2839.8892,0.04
1500593367659,61033963,2863.1097,0.0
1500593367659,61033963,2865.1415,9.62234495
1500593368018,61033966,2839,0.606214
1500593368024,61033967,2838.9999,0.20161262
1500593368024,61033967,2839.8893,0.0
1500593368137,61033968,2839.8894,0.0
1500593368137,61033969,2883.5423,0.0
1500593368887,61033970,2849.7898,0.0
1500593369531,61033971,2850.7275,0.538
1500593369564,61033972,2883.2028,1.43
1500593369565,61033973,2839.8996,0.0
1500593369565,61033973,2838.9998,0.01353246
1500593370550,61033981,2865.1415,0.0
1500593370550,61033981,2860.5685,9.62234495
1500593370994,61033983,2842.1871,0.29622634
1500593371666,61033984,2838.9898,0.3
1500593371674,61033985,2838.9897,0.20161262
1500593371674,61033985,2838.9999,0.0
1500593372746,61033987,2839.9,0.0
1500593372820,61033988,2849.68,0.0
1500593373076,61033990,2838.91,0.02
1500593374275,61033998,2838.9898,0.0
1500593375083,61033999,2860.5684,3.02238752
1500593375083,61033999,2849.9999,0.0
1500593375939,61034001,2973.5318,0.1
1500593376570,61034002,2838.9099,0.01353246
1500593376570,61034002,2838.9998,0.0
1500593377449,61034003,2838.8999,0.3
1500593377468,61034004,2838.8998,0.20161262
1500593377468,61034004,2838.9897,0.0
1500593377589,61034005,2842.1871,0.26579715
1500593377860,61034006,2839.9996,0.0
1500593377860,61034006,2838.9098,0.07465365
1500593377864,61034007,2863.2856,0.0
1500593377864,61034007,2860.9531,22.8558094
1500593378041,61034008,2838.8997,0.01353246
1500593378041,61034008,2838.9099,0.0
1500593378187,61034009,2850.7276,0.03042919
1500593378454,61034010,2840.1599,0.51067326
1500593380123,61034015,2839.8892,0.0
1500593380126,61034016,2856.6319,7.10289934
1500593380126,61034016,2850.8295,0.0
1500593380352,61034018,2838.8999,0.0
1500593382060,61034020,2838.8997,0.05353246
1500593383087,61034027,2838.8897,0.3
1500593383100,61034028,2838.8896,0.19687148
1500593383100,61034028,2838.8998,0.0
1500593383383,61034030,2838.8997,0.04
1500593383383,61034030,2838.8895,0.01353246
1500593383407,61034031,2849.9,0.259
1500593384331,61034036,2863.0401,22.8558094
1500593384331,61034036,2860.9531,0.0
1500593384556,61034037,2850.7275,0.0
1500593384938,61034039,2850.7275,0.538
1500593386167,61034043,2838.8897,0.0
1500593387182,61034046,2838.8894,0.05231182
1500593387472,61034047,2838.8895,0.0
1500593387472,61034047,2838.8893,0.01353246
1500593387614,61034048,2855.2522,9.62234495
1500593387614,61034048,2860.5685,0.0
1500593388069,61034050,2883.2028,0.0
1500593388248,61034051,2873.5318,0.1
1500593389528,61034053,2882.8751,1.44
1500593390569,61034057,2860.9682,22.8558094
1500593390569,61034057,2863.0401,0.0
1500593390696,61034058,2839.8998,0.01
1500593390696,61034058,2838.8892,0.1572176
1500593390706,61034059,2838.8891,0.19687148
1500593390706,61034059,2838.8896,0.0
1500593390829,61034060,2855.2522,0.0
1500593390829,61034060,2857.9949,9.62234495
1500593391453,61034063,2838.8893,0.0
1500593391453,61034063,2838.889,0.01353246
1500593392481,61034065,2863.0401,22.8558094
1500593392481,61034065,2860.9682,0.0
1500593392635,61034066,2838.8894,0.06231182
1500593393200,61034068,2842.1871,0.0
1500593393200,61034068,2838.8889,0.26579715
1500593393209,61034069,2838.8891,0.0
1500593393209,61034069,2838.8888,0.19687148
1500593393425,61034070,2838.889,0.0
1500593393425,61034070,2838.8887,0.01353246
1500593393444,61034071,2838.8888,0.15079505
1500593393444,61034071,2838.8887,0.0
1500593394470,61034080,2838.8887,0.03641917
1500593394643,61034083,2857.9949,0.0
1500593394643,61034083,2855.4553,9.62234495
1500593395023,61034088,2838.8787,0.3
1500593395034,61034089,2838.8888,0.0
1500593395034,61034089,2838.8786,0.19687148
1500593395782,61034099,2900,0.25
1500593396462,61034107,2838.8785,0.03641917
1500593396462,61034107,2838.8887,0.0
1500593396699,61034112,2849.9,0.0
1500593396699,61034112,2839.79,0.259
1500593396867,61034115,2838,1.1899312
1500593396877,61034116,2837.9999,0.19687148
1500593396877,61034116,2838.8786,0.0
1500593397457,61034122,2838.8997,0.0
1500593397567,61034125,2858.9904,9.62234495
1500593397567,61034125,2855.4553,0.0
1500593397659,61034127,2850.7276,0.0
1500593397831,61034130,2837.9999,0.22730067
1500593398196,61034134,2838.8787,0.0
1500593398412,61034136,2838.8889,0.30579715
1500593398553,61034137,2837.9998,0.03641917
1500593398553,61034137,2838.8785,0.0
1500593398844,61034138,2839.79,0.0
1500593398844,61034138,2849.9,0.259
1500593399449,61034146,2850.7275,0.0
1500593399452,61034147,2849.9,0.0
1500593399452,61034147,2842.08,0.259
1500593399594,61034150,2839.8995,0.0
1500593399594,61034150,2837.9997,0.10600013
1500593399607,61034151,2837.9999,0.03042919
1500593399607,61034151,2837.9996,0.19687148
1500593399903,61034155,2850.7275,0.538
1500593400546,61034164,2837.9998,0.0
1500593400546,61034164,2837.9995,0.03641917
1500593401728,61034173,2837.9895,0.3
1500593401742,61034174,2837.9894,0.19687148
1500593401742,61034174,2837.9996,0.0
1500593402453,61034182,2837.9893,0.03641917
1500593402453,61034182,2837.9995,0.0
1500593402497,61034183,2838.91,0.0
1500593402895,61034187,2849.9,0.259
1500593402895,61034187,2842.08,0.0
1500593402970,61034190,2837.84,0.01
1500593403847,61034203,2849.9,0.0
1500593403847,61034203,2842.08,0.259
1500593404279,61034207,2837.9895,0.0
1500593404421,61034210,2837.8399,0.03641917
1500593404421,61034210,2837.9893,0.0
1500593404497,61034211,2837.84,0.0
1500593404497,61034211,2837.9894,0.17742462
1500593404497,61034211,2837.8399,0.0
1500593405268,61034221,2855.4532,9.62234495
1500593405268,61034221,2858.9904,0.0
1500593407491,61034251,2837.9794,0.3
1500593407499,61034252,2837.9793,0.19687148
1500593407499,61034252,2837.9894,0.0
1500593408531,61034265,2855.4532,0.0
1500593408531,61034265,2857.9487,9.62234495
1500593409865,61034276,2849.9,0.259
1500593409865,61034276,2842.08,0.0
1500593410170,61034277,2837.9794,0.0
1500593411633,61034282,2838.8889,0.26579715
1500593411643,61034283,2860.5684,0.0
1500593411643,61034283,2849.8999,3.02238752
1500593411725,61034284,2857.9487,0.0
1500593411725,61034284,2861.4787,9.62234495
1500593412300,61034286,2849.9,0.0
1500593412300,61034286,2849.79,0.259
1500593412764,61034287,2837.9792,0.04
1500593413034,61034290,2837.9692,0.3
1500593413043,61034291,2837.9691,0.20886913
1500593413043,61034291,2837.9793,0.0
1500593413833,61034301,2837.969,0.07465365
1500593413833,61034301,2838.9098,0.0
1500593413845,61034302,2837.9691,0.0
1500593413845,61034302,2837.9689,0.20886913
1500593414674,61034314,2850.7275,0.0
1500593414694,61034315,2842.08,0.259
1500593414694,61034315,2849.79,0.0
1500593415204,61034322,2850.7273,0.538
1500593415585,61034327,2860.9129,22.8558094
1500593415585,61034327,2863.0401,0.0
1500593416298,61034334,2837.9692,0.0
1500593416860,61034341,2839,0.0
1500593417698,61034350,2837.9689,0.1167751
1500593417803,61034353,2860.9129,0.0
1500593417803,61034353,2863.2296,22.8558094
1500593418853,61034364,2837.9689,0.04161131
1500593419114,61034367,2837.9589,0.3
1500593419135,61034368,2837.9588,0.20886913
1500593419135,61034368,2837.9689,0.0
1500593420610,61034386,2861.4787,0.0
1500593420610,61034386,2866.8256,9.62234495
1500593421343,61034395,2863.2296,0.0
1500593421343,61034395,2860.9221,22.8558094
1500593422715,61034413,2837.9589,0.0
1500593423654,61034427,2837.9587,0.05231182
1500593423654,61034427,2838.8894,0.01
1500593425030,61034445,2837.9588,0.20118095
1500593425030,61034445,2837.9587,0.0
1500593425054,61034446,2837.9792,0.0
1500593425152,61034450,2842.08,0.0
1500593425153,61034451,2837.9487,0.3
1500593425167,61034452,2837.9486,0.20886913
1500593425167,61034452,2837.9588,0.0
1500593425594,61034458,2866.8256,0.0
1500593425594,61034458,2863.3007,9.62234495
1500593425988,61034465,2838.8892,0.0
1500593425988,61034465,2837.9485,0.1572176
1500593425995,61034466,2839.79,0.259
1500593425995,61034467,2837.9486,0.0
1500593425995,61034467,2837.9484,0.20886913
1500593426189,61034470,2837.9587,0.04
1500593426579,61034475,2863.3635,22.8558094
1500593426579,61034475,2860.9221,0.0
1500593427935,61034492,2837,0.606214
1500593427945,61034494,2837.9484,0.0
1500593427945,61034494,2836.9999,0.20886913
1500593428203,61034496,2837.9487,0.0
1500593428239,61034497,3000,8.17843922
1500593428488,61034502,2836.9998,0.26579715
1500593428488,61034502,2838.8889,0.0
1500593428497,61034503,2836.9997,0.20886913
1500593428497,61034503,2836.9999,0.0
1500593430998,61034533,2850.7273,0.0
1500593431026,61034535,2836.9897,0.3
1500593431035,61034536,2836.9896,0.20886913
1500593431035,61034536,2836.9997,0.0
1500593431579,61034544,2850.7271,0.538
1500593431623,61034545,2838,0.0
1500593432986,61034559,2850.774,7.34360545
1500593432986,61034559,2856.6319,0.0
1500593433795,61034569,2836.9896,0.11887233
1500593434313,61034581,2836.9897,0.0
1500593434548,61034586,2863.3007,0.0
1500593434548,61034586,2855.8419,9.62234495
1500593434550,61034587,2837.9999,0.0
1500593434682,61034588,2836.89,0.02
1500593434851,61034592,2842.1871,0.03042919
1500593435821,61034609,2837.9997,0.0
1500593435821,61034609,2836.8899,0.10600013
1500593435830,61034610,2836.8898,0.20886913
1500593435830,61034610,2836.9896,0.0
1500593437127,61034620,2847.8829,30.0
1500593437127,61034620,2850.7277,0.0
1500593437420,61034621,2836.8897,0.04929781
1500593438853,61034626,2849.747,9.62234495
1500593438853,61034626,2855.8419,0.0
1500593438890,61034627,2957.145,0.0
1500593439565,61034629,2837.9587,0.0
1500593440934,61034635,2850.774,0.0
1500593440934,61034635,2845.0438,7.34360545
1500593442797,61034639,2836,1.1899312
1500593442807,61034640,2835.9999,0.20434212
1500593442807,61034640,2836.8898,0.0
1500593442817,61034641,2882.8751,0.0
1500593443018,61034642,2835.9899,0.01
1500593443203,61034644,2839.79,0.0
1500593443395,61034645,2836.8897,0.0
1500593443395,61034645,2835.9898,0.04929781
1500593444166,61034648,2839.79,0.272
1500593444354,61034650,2882.5242,1.45
1500593444539,61034651,2842.1871,0.0
1500593444645,61034652,3033.5318,0.1
1500593444834,61034654,2835.9999,0.67410429
1500593444841,61034655,2835.9998,0.20434212
1500593444841,61034655,2835.9999,0.46976217
1500593446071,61034659,2838.8893,0.43661301
1500593446272,61034660,2835.9899,0.0
1500593446272,61034661,2850.7271,0.0
1500593446434,61034662,2835.9997,0.04929781
1500593446434,61034662,2835.9898,0.0
1500593447569,61034666,2844.156,9.62234495
1500593447569,61034666,2849.747,0.0
1500593447668,61034668,2845.0438,0.0
1500593447668,61034668,2849.6715,7.34360545
1500593448395,61034669,2847.8828,3.02238752
1500593448395,61034669,2849.8999,0.0
1500593451367,61034674,2835.9996,0.07465365
1500593451367,61034674,2837.969,0.0
1500593451375,61034675,2835.9998,0.0
1500593451375,61034675,2835.9995,0.20434212
1500593451531,61034676,2846.7209,9.62234495
1500593451531,61034676,2844.156,0.0
1500593451553,61034677,2835.9997,0.0
1500593451553,61034677,2835.9994,0.04929781
1500593455061,61034687,2835.9894,0.3
1500593455071,61034688,2835.9893,0.20434212
1500593455071,61034688,2835.9995,0.0
1500593455441,61034689,2835.9994,0.0
1500593455441,61034689,2835.9892,0.04929781
1500593458443,61034694,2835.9894,0.0
1500593458636,61034695,2933.5318,0.1
1500593461323,61034700,2835.9792,0.3
1500593461328,61034701,2835.9893,0.0
1500593461328,61034701,2835.9791,0.20434212
1500593461497,61034702,2835.979,0.04929781
1500593461497,61034702,2835.9892,0.0
1500593461820,61034705,2836.89,0.0
1500593462322,61034706,2835.89,0.01
1500593462554,61034709,2846.7209,0.0
1500593462554,61034709,2844.3599,9.62234495
1500593463401,61034713,2835.979,0.0
1500593463401,61034713,2835.8899,0.04929781
1500593463814,61034714,2943,0.0
1500593464144,61034717,2845.4378,7.34360545
1500593464144,61034717,2849.6715,0.0
1500593465205,61034719,2835.9792,0.0
1500593466133,61034724,2836,0.0
1500593466133,61034725,2847.8829,0.0
1500593466133,61034725,2844.8543,30.0
1500593466223,61034726,2839.79,0.0
1500593466480,61034727,2835.8898,0.1572176
1500593466480,61034727,2837.9485,0.0
1500593466487,61034728,2835.9791,0.0
1500593466487,61034728,2835.8897,0.20434212
1500593467063,61034732,2835.8797,0.3
1500593467063,61034733,2835.78,0.279
1500593467068,61034734,2835.8796,0.20434212
1500593467068,61034734,2835.8897,0.0
1500593467078,61034735,2835.8796,0.0
1500593467078,61034735,2835.7799,0.20434212
1500593467479,61034736,2835.8899,0.0
1500593467479,61034736,2835.7798,0.04929781
1500593467583,61034737,2835.67,0.279
1500593467583,61034737,2835.78,0.0
1500593467583,61034738,2841.4158,9.62234495
1500593467583,61034738,2844.3599,0.0
1500593467635,61034739,2835.6699,0.20434212
1500593467635,61034739,2835.7799,0.0
1500593467706,61034741,2845.4378,0.0
1500593467706,61034741,2843.5401,7.34360545
1500593468195,61034742,2835.67,0.0
1500593468195,61034742,2835.56,0.279
1500593468202,61034743,2835.6699,0.0
1500593468202,61034743,2835.5599,0.20434212
1500593469210,61034746,2852.9156,0.87213038
1500593469474,61034747,2835.7798,0.0
1500593469474,61034747,2835.5598,0.04929781
1500593469583,61034749,2838.8893,0.70241016
1500593469583,61034749,2836.9998,0.0
1500593469778,61034751,2882.5242,0.0
1500593470784,61034755,2835.8797,0.0
1500593470841,61034757,2843.8588,9.62234495
1500593470841,61034757,2841.4158,0.0
1500593470903,61034759,2882.1781,1.46
1500593471401,61034760,2835.9999,0.0
1500593471659,61034761,2842.1871,0.46976217
1500593472230,61034765,2835.5597,0.42104096
1500593472244,61034766,2835.5599,0.0
1500593472244,61034766,2835.5596,0.20434212
1500593472488,61034767,2835.5598,0.0
1500593472488,61034767,2835.5595,0.04929781
1500593473016,61034771,2835.5495,0.3
1500593473023,61034772,2835.5596,0.0
1500593473023,61034772,2835.5494,0.205872
1500593474479,61034774,2835.5595,0.0
1500593474479,61034774,2835.5493,0.04929781
1500593474687,61034777,2842.187,1.24775304
1500593475296,61034779,2835.56,0.0
1500593475540,61034780,2842.1871,0.0
1500593475563,61034781,2837.8132,9.62234495
1500593475563,61034781,2843.8588,0.0
1500593475760,61034784,2842.1869,0.46976217
1500593476143,61034785,2835.44,0.279
1500593476153,61034786,2835.5494,0.0
1500593476153,61034786,2835.4399,0.205872
1500593476179,61034787,2835.5495,0.0
1500593476486,61034789,2835.4398,0.04929781
1500593476486,61034789,2835.5493,0.0
1500593476789,61034791,2835.33,0.279
1500593476789,61034791,2835.44,0.0
1500593476797,61034792,2835.4399,0.0
1500593476797,61034792,2835.3299,0.205872
1500593476815,61034793,2841.563,7.34360545
1500593476815,61034793,2843.5401,0.0
1500593476816,61034794,2836.8899,0.0
1500593476816,61034794,2835.4398,0.15529794
1500593478169,61034797,2835.33,0.0
1500593478169,61034797,2835.22,0.279
1500593478178,61034798,2835.3299,0.0
1500593478178,61034798,2835.2199,0.205872
1500593478464,61034800,3043.5318,0.1
1500593478472,61034801,2835.4398,0.10600013
1500593478472,61034801,2835.2198,0.04929781
1500593478851,61034803,2883.1596,0.0
1500593479070,61034804,2835.11,0.279
1500593479070,61034804,2835.22,0.0
1500593479079,61034805,2835.1099,0.205872
1500593479079,61034805,2835.2199,0.0
1500593479203,61034806,2835.2098,0.3
1500593479248,61034807,2868.8183,11.4543
1500593479727,61034810,2835,0.279
1500593479727,61034810,2835.11,0.0
1500593479737,61034811,2835.1099,0.0
1500593479737,61034811,2834.9999,0.205872
1500593479779,61034812,2820,0.1318459
1500593479788,61034813,2834.9999,0.0
1500593479788,61034813,2819.9999,0.205872
1500593479954,61034814,2819.9999,0.04936491
1500593479962,61034815,2819.9999,0.0
1500593479962,61034815,2834.9999,0.205872
1500593479978,61034817,2834.9999,0.0
1500593479978,61034817,2819.9999,0.205872
1500593480513,61034818,2842.1869,0.0
1500593480582,61034819,2819.9998,0.04929781
1500593480582,61034819,2835.2198,0.0
1500593480643,61034820,2835,0.0
1500593480643,61034820,2819.89,0.279
1500593480651,61034821,2819.9999,0.0
1500593480651,61034821,2819.8899,0.205872
1500593481049,61034823,2837.8131,0.46976217
1500593481465,61034824,2819.78,0.279
1500593481465,61034824,2819.89,0.0
1500593481477,61034825,2819.7799,0.205872
1500593481477,61034825,2819.8899,0.0
1500593482229,61034827,2835.2097,1.73800538
1500593482491,61034828,2819.78,0.0
1500593482491,61034828,2819.67,0.279
1500593482499,61034829,2819.6699,0.205872
1500593482499,61034829,2819.7799,0.0
1500593482588,61034830,2835.2098,0.0
1500593482623,61034831,2819.6698,0.04929781
1500593482623,61034831,2819.9998,0.0
1500593482768,61034832,2820,0.0
1500593483185,61034835,2819.56,0.279
1500593483185,61034835,2819.67,0.0
1500593483225,61034836,2837.8131,0.0
1500593483237,61034837,2819.5599,0.205872
1500593483237,61034837,2819.6699,0.0
1500593483395,61034838,2835.2096,0.46976217
1500593483930,61034840,2819.45,0.279
1500593483930,61034840,2819.56,0.0
1500593483941,61034841,2819.4499,0.205872
1500593483941,61034841,2819.5599,0.0
1500593484354,61034842,2838.8893,0.26579715
1500593484354,61034842,2835.2095,0.43661301
1500593484446,61034843,2819.6698,0.0
1500593484446,61034843,2819.4498,0.04929781
1500593484599,61034844,2819.45,0.0
1500593484599,61034844,2819.34,0.279
1500593484608,61034845,2819.4499,0.0
1500593484608,61034845,2819.3399,0.205872
1500593485022,61034848,2819.3299,0.3
1500593485029,61034849,2819.3298,0.205872
1500593485029,61034849,2819.3399,0.0
1500593485348,61034850,2819.22,0.279
1500593485348,61034850,2819.34,0.0
1500593485359,61034851,2819.2199,0.205872
1500593485359,61034851,2819.3298,0.0
1500593485737,61034853,2839.5231,7.34360545
1500593485737,61034853,2841.563,0.0
1500593486140,61034854,2819.11,0.279
1500593486140,61034854,2819.22,0.0
1500593486156,61034855,2819.2199,0.0
1500593486156,61034855,2819.1099,0.205872
1500593486454,61034857,2819.4498,0.0
1500593486454,61034857,2819.1098,0.04929781
1500593486656,61034859,2847.8828,0.0
1500593486656,61034859,2835.2095,3.45900053
1500593486737,61034861,2882.1781,0.0
1500593486815,61034862,2819,0.279
1500593486815,61034862,2819.11,0.0
1500593486824,61034863,2819.1099,0.0
1500593486824,61034863,2818.9999,0.205872
1500593487552,61034864,2835.2096,0.0
1500593487675,61034865,2819,0.0
1500593487675,61034865,2818.89,0.279
1500593487684,61034866,2818.8899,0.205872
1500593487684,61034866,2818.9999,0.0
1500593487853,61034868,2835.2094,0.46976217
1500593488084,61034869,2881.8368,1.47
1500593488148,61034870,2819.3299,0.0
1500593488364,61034871,2818.78,0.279
1500593488364,61034871,2818.89,0.0
1500593488377,61034872,2818.8899,0.0
1500593488377,61034872,2818.7799,0.205872
1500593488544,61034873,2819.1098,0.0
1500593488544,61034873,2818.7798,0.04929781
1500593488869,61034876,2835.2093,0.07465365
1500593488869,61034876,2835.9996,0.0
1500593489119,61034877,2818.67,0.279
1500593489119,61034877,2818.78,0.0
1500593489127,61034878,2818.7799,0.0
1500593489127,61034878,2818.6699,0.205872
1500593489776,61034881,2839.5231,0.0
1500593489776,61034881,2841.563,7.34360545
1500593489900,61034882,2818.56,0.279
1500593489900,61034882,2818.67,0.0
1500593489910,61034883,2818.6699,0.0
1500593489910,61034883,2818.5599,0.205872
1500593490408,61034884,2818.5599,0.195872
1500593490536,61034885,2818.5598,0.04929781
1500593490536,61034885,2818.7798,0.0
1500593490561,61034886,2818.56,0.0
1500593490561,61034886,2818.45,0.279
1500593490570,61034887,2818.4499,0.205872
1500593490570,61034887,2818.5599,0.0
1500593491279,61034889,2818.34,0.279
1500593491279,61034889,2818.45,0.0
1500593491287,61034890,2818.3399,0.205872
1500593491287,61034890,2818.4499,0.0
1500593491978,61034893,2818.34,0.0
1500593491978,61034893,2818.23,0.279
1500593491985,61034894,2818.3399,0.0
1500593491985,61034894,2818.2299,0.205872
1500593492416,61034895,2818.2298,0.04929781
1500593492416,61034895,2818.5598,0.0
1500593492554,61034896,2818.23,0.0
1500593492554,61034896,2818.12,0.279
1500593492567,61034897,2818.1199,0.205872
1500593492567,61034897,2818.2299,0.0
1500593493045,61034899,2817,1.1899312
1500593493234,61034901,2835.89,0.0
1500593493346,61034902,2818.12,0.0
1500593493346,61034902,2818.01,0.279
1500593493358,61034903,2818.1199,0.0
1500593493358,61034903,2818.0099,0.205872
1500593493857,61034905,2814.9802,0.06516379
1500593494276,61034907,2818.01,0.0
1500593494276,61034907,2816.9,0.279
1500593494293,61034908,2818.2297,0.205872
1500593494293,61034908,2818.0099,0.0
1500593494409,61034909,2818.2298,0.0
1500593494417,61034910,2818.2297,0.0
1500593494417,61034910,2835.2092,0.205872
1500593495559,61034915,2834.6644,9.62234495
1500593495559,61034915,2837.8132,0.0
1500593495570,61034916,2834.6643,0.205872
1500593495570,61034916,2835.2092,0.0
1500593496676,61034920,2818.6698,0.01
1500593496679,61034921,2818.6697,0.205872
1500593496679,61034921,2834.6643,0.0
1500593497078,61034922,2835.2094,0.0
1500593497079,61034924,2837.5138,7.34360545
1500593497079,61034924,2841.563,0.0
1500593497343,61034925,2834.6643,0.46976217
1500593498126,61034928,2837,0.0
1500593498706,61034929,2837.498,9.62234495
1500593498706,61034929,2834.6644,0.0
1500593498858,61034930,2834.6642,0.05250109
1500593499251,61034932,2850,1.20285998
1500593499918,61034934,2834.6643,0.0
1500593500088,61034935,2835.2094,0.46976217
1500593501176,61034938,2835.8898,0.0
1500593501176,61034938,2835.2093,0.23187125
1500593501536,61034939,2842.0433,9.62234495
1500593501536,61034939,2837.498,0.0
1500593503855,61034944,2838.8893,0.0
1500593503855,61034944,2835.2093,0.4976684
1500593504593,61034947,2842.0433,0.0
1500593504593,61034947,2836.6259,9.62234495
1500593505340,61034950,2817,0.0
1500593505574,61034951,2814.9802,0.03984212
1500593505955,61034952,2834.662,7.34360545
1500593505955,61034952,2837.5138,0.0
1500593505976,61034954,2818.56,0.279
1500593505976,61034954,2816.9,0.0
1500593505987,61034955,2814.9802,0.01698093
1500593505996,61034956,2818.5599,0.20486035
1500593505996,61034956,2818.6697,0.0
1500593506578,61034957,2861.1182,22.92988621
1500593506578,61034957,2863.3635,0.0
1500593506669,61034958,2834.6619,0.42104096
1500593506669,61034958,2835.5597,0.0
1500593506669,61034959,2818.56,0.0
1500593506669,61034959,2818.45,0.279
1500593506671,61034960,2818.4499,0.20486035
1500593506671,61034960,2818.5599,0.0
1500593507516,61034963,2818.34,0.279
1500593507516,61034963,2818.45,0.0
1500593507517,61034964,2835.2094,0.0
1500593507532,61034965,2818.3399,0.20486035
1500593507532,61034965,2818.4499,0.0
1500593507676,61034967,2834.6619,0.89080313
1500593508187,61034968,2818.34,0.0
1500593508187,61034968,2818.23,0.279
1500593508195,61034969,2818.3399,0.0
1500593508195,61034969,2818.2299,0.20486035
1500593508333,61034970,2863.8997,22.92988621
1500593508333,61034970,2861.1182,0.0
1500593508839,61034972,2818.23,0.0
1500593508839,61034972,2818.12,0.279
1500593508851,61034973,2818.1199,0.20486035
1500593508851,61034973,2818.2299,0.0
1500593509058,61034974,2842.187,0.0
1500593509058,61034974,2834.6619,2.13855617
1500593509211,61034975,2892.6527,0.03599284
1500593509535,61034976,2818.12,0.0
1500593509535,61034976,2818.01,0.279
1500593509544,61034977,2818.1199,0.0
1500593509544,61034977,2818.0099,0.20486035
1500593509771,61034979,2834.6619,1.668794
1500593509943,61034980,2834.6618,0.46976217
1500593510115,61034981,2818.01,0.0
1500593510115,61034981,2817.9,0.279
1500593510123,61034982,2817.8999,0.20486035
1500593510123,61034982,2818.0099,0.0
1500593510795,61034986,2817.9,0.0
1500593510795,61034986,2817.79,0.279
1500593510804,61034987,2817.7899,0.20486035
1500593510804,61034987,2817.8999,0.0
1500593511390,61034988,2835.4398,0.0
1500593511390,61034988,2834.6617,0.10600013
1500593511496,61034989,2817.68,0.279
1500593511496,61034989,2817.79,0.0
1500593511497,61034990,2817.7899,0.0
1500593511497,61034990,2817.6799,0.20486035
1500593511562,61034991,2836.6259,0.0
1500593511562,61034991,2834.4826,9.62234495
1500593511739,61034993,2834.662,0.0
1500593511739,61034993,2831.4044,7.34360545
1500593512121,61034994,2817.68,0.0
1500593512121,61034994,2817.57,0.279
1500593512129,61034995,2817.5699,0.20486035
1500593512129,61034995,2817.6799,0.0
1500593512180,61034996,2834.6618,0.0
1500593512214,61034997,2830,0.606214
1500593512406,61034998,2863.8997,0.0
1500593512406,61034998,2860.7491,22.92988621
1500593512407,61034999,2834.4825,0.46976217
1500593512750,61035001,2817.57,0.0
1500593512750,61035001,2817.46,0.279
1500593512764,61035002,2818.6697,0.20486035
1500593512764,61035002,2817.5699,0.0
1500593513364,61035005,2818.56,0.279
1500593513364,61035005,2817.46,0.0
1500593513378,61035006,2818.5599,0.20486035
1500593513378,61035006,2818.6697,0.0
1500593513787,61035007,2868.8183,0.0
1500593513955,61035010,2818.56,0.0
1500593513955,61035010,2818.45,0.279
1500593513964,61035011,2818.4499,0.20486035
1500593513964,61035011,2818.5599,0.0
1500593514474,61035012,2834.4825,0.0
1500593514555,61035014,2818.34,0.279
1500593514555,61035014,2818.45,0.0
1500593514564,61035015,2818.3399,0.20486035
1500593514564,61035015,2818.4499,0.0
1500593514797,61035016,2831.4043,0.46976217
1500593514931,61035018,2854.942,11.4543
1500593515206,61035019,2818.34,0.0
1500593515206,61035019,2818.23,0.279
1500593515217,61035020,2818.3399,0.0
1500593515217,61035020,2818.2299,0.20486035
1500593515565,61035021,2834.4826,0.0
1500593515565,61035021,2836.5158,9.62234495
1500593515910,61035023,2818.23,0.0
1500593515910,61035023,2818.12,0.279
1500593515919,61035024,2818.1199,0.20486035
1500593515919,61035024,2818.2299,0.0
1500593516056,61035025,2831.4042,1.73800538
1500593516056,61035025,2835.2097,0.0
1500593516417,61035026,2863.8997,22.92988621
1500593516417,61035026,2860.7491,0.0
1500593516580,61035027,2818.12,0.0
1500593516580,61035027,2818.01,0.279
1500593516588,61035028,2818.1199,0.0
1500593516588,61035028,2818.0099,0.20486035
1500593516880,61035029,2831.4043,0.0
1500593517304,61035031,2831.4041,0.46976217
1500593518354,61035033,2835.2095,3.02238752
1500593518354,61035033,2829.9999,0.43661301
1500593519753,61035036,2863.8997,0.0
1500593519753,61035036,2860.6568,22.92988621
1500593519871,61035038,2836.5158,0.0
1500593519871,61035038,2838.654,9.62234495
1500593520889,61035042,2831.4044,0.0
1500593520889,61035042,2834.6519,7.34360545
1500593521502,61035044,2814.9702,0.3
1500593521526,61035045,2814.9701,0.20486035
1500593521526,61035045,2818.0099,0.0
1500593521704,61035046,2880.99,0.1
1500593523296,61035048,2850,0.50285998
1500593523355,61035049,2835.2095,0.0
1500593523355,61035049,2829.9999,3.45900053
1500593523659,61035050,2814.83,0.01
1500593523931,61035051,2838.654,0.0
1500593523931,61035051,2834.7402,9.62234495
1500593524072,61035054,2881.8368,0.0
1500593524591,61035056,2814.9702,0.0
1500593524600,61035057,2818.0099,0.20486035
1500593524600,61035057,2814.9701,0.0
1500593525199,61035058,2814.9801,0.04
1500593525462,61035060,2860.6568,0.0
1500593525462,61035060,2863.8997,22.92988621
1500593526039,61035062,2835.2093,0.42301475
1500593526039,61035062,2814.8299,0.07465365
1500593526047,61035063,2814.8298,0.20486035
1500593526047,61035063,2818.0099,0.0
1500593526079,61035064,2831.4041,0.0
1500593526258,61035065,2829.9998,0.46976217
1500593527537,61035069,2834.7402,0.0
1500593527537,61035069,2832.6071,9.62234495
1500593528047,61035072,2814.9802,2.71056967
1500593528427,61035074,2814.8298,0.07419881
1500593529406,61035090,2834.6519,0.0
1500593529406,61035090,2830.3896,7.34360545
1500593531102,61035109,2830,0.0
1500593531443,61035114,2863.8997,0.0
1500593531443,61035114,2860.7583,22.92988621
1500593532078,61035122,2881.4122,1.48
1500593532586,61035126,2814.8298,0.0
1500593532586,61035126,2814.83,0.0
1500593532586,61035126,2814.9801,0.0
1500593532586,61035126,2814.9802,2.51251465
1500593532586,61035126,2814.8299,0.0
1500593532593,61035127,2814.9801,0.20486035
1500593534316,61035133,2844.8543,0.0
1500593534316,61035133,2832.4894,30.0
1500593534897,61035134,2830.3896,0.0
1500593534897,61035134,2828.6136,7.34360545
1500593535036,61035136,2814.8297,0.01
1500593535346,61035137,2818.01,0.0
1500593535382,61035138,2860.7583,0.0
1500593535382,61035138,2863.8997,22.92988621
1500593535920,61035140,2829.9998,0.0
1500593535920,61035141,2814.8296,0.05250109
1500593535920,61035141,2834.6642,0.0
1500593536144,61035144,2828.6135,0.46976217
1500593536360,61035145,2814.72,0.279
1500593536368,61035146,2814.7199,0.19672319
1500593536368,61035146,2814.9801,0.0
1500593538032,61035151,2835.2093,0.26579715
1500593538032,61035151,2814.7198,0.1572176
1500593538040,61035152,2814.7199,0.0
1500593538040,61035152,2814.7197,0.19672319
1500593538222,61035153,2920.0247,0.0
1500593538431,61035154,2863.8997,0.0
1500593538431,61035154,2860.7491,22.92988621
1500593538609,61035155,2898.2313,11.4543
1500593540190,61035160,2835.2093,0.0
1500593540190,61035160,2814.7196,0.26579715
1500593540198,61035161,2814.7195,0.19672319
1500593540198,61035161,2814.7197,0.0
1500593540848,61035164,2810,0.606214
1500593540856,61035165,2814.7195,0.0
1500593540856,61035165,2809.9999,0.19672319
1500593540990,61035168,2832.4894,0.0
1500593540990,61035168,2837.2302,30.0
1500593542259,61035188,2834.6619,1.24775304
1500593542259,61035188,2814.7199,0.42104096
1500593542334,61035189,2846.9533,22.92988621
1500593542334,61035189,2860.7491,0.0
1500593542931,61035199,2833.1417,7.34360545
1500593542931,61035199,2828.6136,0.0
1500593543902,61035211,2832.6071,0.0
1500593543902,61035211,2835.3724,9.62234495
1500593544645,61035221,3043.5318,0.0
1500593545232,61035229,2828.6135,0.0
1500593545342,61035231,2834.6619,0.0
1500593545342,61035231,2818.6697,1.24775304
1500593545447,61035234,2846.9533,0.0
1500593545447,61035234,2860.5553,22.92988621
1500593545504,61035235,2829.9998,0.46976217
1500593546563,61035252,2835.3724,0.0
1500593546563,61035252,2837.558,9.62234495
1500593546666,61035253,2826.9441,7.34360545
1500593546666,61035253,2833.1417,0.0
1500593547065,61035258,2831.1865,30.0
1500593547065,61035258,2837.2302,0.0
1500593547549,61035264,2809.9998,0.10600013
1500593547549,61035264,2834.6617,0.0
1500593547557,61035265,2809.9997,0.19672319
1500593547557,61035265,2809.9999,0.0
1500593547715,61035269,2852.9156,0.0
1500593548338,61035277,2860.5553,0.0
1500593548338,61035277,2851.798,22.92988621
1500593550098,61035299,2839.5637,30.0
1500593550098,61035299,2831.1865,0.0
1500593550130,61035300,2809.9997,0.15672319
1500593550511,61035305,2809.9997,0.14672319
1500593550574,61035306,2835.0185,9.62234495
1500593550574,61035306,2837.558,0.0
1500593550622,61035307,2829.9998,0.0
1500593551037,61035314,2814.9801,0.46976217
1500593551165,61035316,2818.6697,3.31853891
1500593551615,61035323,2851.798,0.0
1500593551615,61035323,2860.0939,22.92988621
1500593553061,61035341,2833.9493,30.0
1500593553061,61035341,2839.5637,0.0
1500593553475,61035346,2818.6697,5.05654429
1500593553475,61035346,2831.4042,0.0
1500593554293,61035359,2854.942,0.0
1500593554691,61035363,2840.9714,11.4543
1500593556008,61035378,2809.91,0.01
1500593556180,61035382,2833.9493,0.0
1500593556180,61035382,2831.1763,30.0
1500593556489,61035388,2851.9364,22.92988621
1500593556489,61035388,2860.0939,0.0
1500593556686,61035390,2835.0185,0.0
1500593556686,61035390,2832.2088,9.62234495
1500593557546,61035394,2814.7199,0.85765397
1500593557546,61035394,2829.9999,3.02238752
1500593558427,61035406,2814.72,0.0
1500593559366,61035415,2851.9364,0.0
1500593559366,61035415,2860.1401,22.92988621
1500593559418,61035418,2809.81,0.279
1500593559426,61035419,2809.9997,0.0
1500593559426,61035419,2809.8099,0.19672319
1500593559698,61035422,2826.944,3.02238752
1500593559698,61035422,2829.9999,0.0
1500593560467,61035434,2809.81,0.0
1500593560467,61035434,2809.7,0.279
1500593560475,61035435,2809.6999,0.19672319
1500593560475,61035435,2809.8099,0.0
1500593560630,61035438,2890.99,0.1
1500593561093,61035444,2831.1763,0.0
1500593561093,61035444,2836.4007,30.0
1500593561209,61035445,2809.59,0.279
1500593561209,61035445,2809.7,0.0
1500593561217,61035446,2809.5899,0.19672319
1500593561217,61035446,2809.6999,0.0
1500593562000,61035457,2809.48,0.279
1500593562000,61035457,2809.59,0.0
1500593562011,61035458,2809.5899,0.0
1500593562011,61035458,2809.4799,0.19672319
1500593562689,61035467,2809.37,0.279
1500593562689,61035467,2809.48,0.0
1500593562696,61035468,2809.4799,0.0
1500593562696,61035468,2809.3699,0.19672319
1500593563296,61035479,2809.37,0.0
1500593563296,61035479,2809.26,0.279
1500593563304,61035480,2809.3699,0.0
1500593563304,61035480,2809.2599,0.20451684
1500593563645,61035486,2829.5412,9.62234495
1500593563645,61035486,2832.2088,0.0
1500593563666,61035488,2855.3138,22.92988621
1500593563666,61035488,2860.1401,0.0
1500593563887,61035492,2809.15,0.279
1500593563887,61035492,2809.26,0.0
1500593563895,61035493,2809.1499,0.20451684
1500593563895,61035493,2809.2599,0.0
1500593564535,61035502,2809.15,0.0
1500593564535,61035502,2809.04,0.279
1500593564542,61035503,2809.1499,0.0
1500593564542,61035503,2809.0399,0.20451684
1500593564994,61035508,2829.4754,30.0
1500593564994,61035508,2836.4007,0.0
1500593565329,61035512,2809.3698,0.04
1500593566467,61035528,2860.6107,22.92988621
1500593566467,61035528,2855.3138,0.0
1500593569295,61035562,2839.9999,2.1
1500593569414,61035564,2860.6107,0.0
1500593569414,61035564,2852.1948,22.92988621
1500593569414,61035565,3307.863,0.0
1500593569472,61035568,2799.9999,0.1447737
1500593569487,61035569,2799.9998,0.20451684
1500593569487,61035569,2809.0399,0.0
1500593570196,61035571,2850,0.0
1500593571635,61035573,2799.9997,0.04959521
1500593571938,61035576,2809.04,0.0
1500593572083,61035578,2799.9997,0.0
1500593572083,61035578,2799.9999,0.12650942
1500593572083,61035578,2799.9998,0.0
1500593572165,61035579,2814.8296,0.0
1500593572165,61035579,2809.0399,0.05250109
1500593572177,61035581,2799.9998,0.20451684
1500593572392,61035582,2852.1948,0.0
1500593572392,61035582,2847.1564,22.92988621
1500593572853,61035583,2823.5902,9.06115037
1500593572853,61035583,2826.9441,0.0
1500593573187,61035586,2808.93,0.279
1500593573530,61035587,2827.4131,9.62234495
1500593573530,61035587,2829.5412,0.0
1500593574298,61035591,2814.7198,0.0
1500593574298,61035591,2808.9299,0.1572176
1500593574467,61035592,2799.9998,0.15151684
1500593574741,61035593,2808.82,0.279
1500593574741,61035593,2808.93,0.0
1500593575143,61035595,2829.4754,0.0
1500593575143,61035595,2825.724,30.0
1500593575235,61035596,2843.5318,0.1
1500593575846,61035600,2815,0.7
1500593576196,61035603,2881.4122,0.0
1500593576456,61035606,2801.1582,0.87213038
1500593576736,61035609,2814.7196,0.0
1500593576736,61035609,2808.8199,0.26579715
1500593576910,61035610,2799.9998,0.05151684
1500593577070,61035611,2801.1581,0.20451684
1500593577070,61035611,2799.9998,0.0
1500593577071,61035612,2799.89,0.279
1500593577071,61035612,2808.82,0.0
1500593577083,61035613,2801.1581,0.0
1500593577083,61035613,2799.9998,0.20451684
1500593577517,61035614,2809.3698,0.0
1500593577534,61035615,2799.8899,0.20451684
1500593577534,61035615,2799.9998,0.0
1500593577725,61035616,2880.9061,1.49
1500593577726,61035617,2847.1564,0.0
1500593577726,61035617,2856.0429,22.92988621
1500593577815,61035618,2825.4165,9.62234495
1500593577815,61035618,2827.4131,0.0
1500593577870,61035620,2799.89,0.279
1500593578177,61035621,2799.8899,0.10451684
1500593578533,61035622,2799.89,0.279
1500593578893,61035626,2814.7199,0.43661301
1500593578893,61035626,2809.9099,0.42104096
1500593579534,61035628,2799.78,0.279
1500593579534,61035628,2799.89,0.0
1500593579543,61035629,2799.8899,0.0
1500593579543,61035629,2799.7799,0.14248316
1500593579674,61035631,2821.5071,9.06115037
1500593579674,61035631,2823.5902,0.0
1500593580646,61035632,2799.89,0.279
1500593580646,61035632,2799.78,0.0
1500593581057,61035634,2809.9999,1.24775304
1500593581057,61035634,2818.6697,3.80879125
1500593581575,61035635,2799.67,0.279
1500593581575,61035635,2799.89,0.0
1500593581575,61035636,2799.6699,0.14248316
1500593581575,61035636,2799.7799,0.0
1500593581767,61035637,2799.6698,0.04972644
1500593581976,61035639,2809.91,0.0
1500593582200,61035640,2799.67,0.0
1500593582200,61035640,2799.89,0.279
1500593582332,61035641,2842.5793,22.92988621
1500593582332,61035641,2856.0429,0.0
1500593582653,61035642,2814.9801,0.0
1500593582890,61035644,2809.9998,0.5757623
1500593583151,61035645,2809.9998,0.46976217
1500593583151,61035645,2809.9999,1.35375317
1500593583188,61035646,2799.56,0.279
1500593583188,61035646,2799.89,0.0
1500593583196,61035647,2799.6699,0.0
1500593583196,61035647,2799.5599,0.14248316
1500593583243,61035648,2799.5598,0.04972644
1500593583243,61035648,2799.6698,0.0
1500593583838,61035650,2799.45,0.279
1500593583838,61035650,2799.56,0.0
1500593583850,61035651,2799.4499,0.14248316
1500593583850,61035651,2799.5599,0.0
1500593583956,61035652,2799.5598,0.0
1500593583956,61035652,2799.4498,0.04972644
1500593584195,61035655,2799.4499,0.0
1500593584195,61035655,2801.1581,0.14248316
1500593584400,61035658,2801.1581,0.0
1500593584400,61035658,2799.4499,0.14248316
1500593584712,61035660,2799.34,0.279
1500593584712,61035660,2799.45,0.0
1500593584723,61035661,2799.4499,0.0
1500593584723,61035661,2799.3399,0.19721737
1500593584968,61035662,2837.2318,30.0
1500593584968,61035662,2825.724,0.0
1500593585190,61035663,2814.8296,2.07078587
1500593585190,61035663,2818.6697,1.73800538
1500593585400,61035664,2799.23,0.279
1500593585400,61035664,2799.34,0.0
1500593585419,61035665,2799.3398,0.04972644
1500593585419,61035665,2799.4498,0.0
1500593585428,61035666,2799.3399,0.0
1500593585428,61035666,2799.2299,0.19721737
1500593586426,61035669,2799.12,0.279
1500593586426,61035669,2799.23,0.0
1500593586430,61035670,2799.1199,0.19721737
1500593586430,61035670,2799.2299,0.0
1500593586626,61035671,2822.9145,9.62234495
1500593586626,61035671,2825.4165,0.0
1500593587296,61035676,2799.01,0.279
1500593587296,61035676,2799.12,0.0
1500593587305,61035677,2799.0099,0.19721737
1500593587305,61035677,2799.1199,0.0
1500593587330,61035678,2842.5793,0.0
1500593587330,61035678,2857.3348,22.92988621
1500593587347,61035679,2814.8296,3.80879125
1500593587347,61035679,2818.6697,0.0
1500593587507,61035680,2799.0098,0.04972644
1500593587507,61035680,2799.3398,0.0
1500593587918,61035681,2816.1303,9.06115037
1500593587918,61035681,2821.5071,0.0
1500593588078,61035683,2799.01,0.0
1500593588078,61035683,2798.9,0.279
1500593588090,61035684,2799.0099,0.0
1500593588090,61035684,2798.8999,0.19721737
1500593588492,61035685,2799.9999,0.0
1500593589011,61035687,2798.8999,0.12721737
1500593589015,61035688,2798.9,0.0
1500593589015,61035688,2798.79,0.279
1500593589025,61035689,2798.8999,0.0
1500593589025,61035689,2798.7899,0.12721737
1500593589392,61035691,2842.201,22.92988621
1500593589392,61035691,2857.3348,0.0
1500593589551,61035692,2814.7199,0.0
1500593589551,61035692,2809.9997,0.43661301
1500593589596,61035695,2799.0098,0.0
1500593589596,61035695,2798.7898,0.04972644
1500593589835,61035697,2801.05,0.279
1500593589835,61035697,2798.79,0.0
1500593589845,61035698,2798.7899,0.0
1500593589845,61035698,2801.0499,0.12721737
1500593589978,61035699,2822.6087,30.0
1500593589978,61035699,2837.2318,0.0
1500593590205,61035700,3000,8.32187635
1500593590569,61035701,2826.5255,9.62234495
1500593590569,61035701,2822.9145,0.0
1500593590893,61035704,2801.05,0.0
1500593590893,61035704,2800.94,0.279
1500593591605,61035705,2798.7898,0.0
1500593591605,61035705,2800.9399,0.04972644
1500593591723,61035706,2801.0499,0.0
1500593591723,61035706,2800.9399,0.17694381
1500593591971,61035708,2826.944,0.0
1500593591971,61035708,2816.1302,3.02238752
1500593592535,61035710,2800.83,0.279
1500593592535,61035710,2800.94,0.0
1500593592535,61035711,2800.9399,0.04972644
1500593592535,61035711,2800.8299,0.12721737
1500593593258,61035718,2800.83,0.0
1500593593258,61035718,2800.72,0.279
1500593593266,61035719,2800.8299,0.0
1500593593266,61035719,2800.7199,0.20147771
1500593593688,61035721,2800.9399,0.0
1500593593688,61035721,2800.7198,0.04972644
1500593594141,61035723,2800.72,0.0
1500593594141,61035723,2800.61,0.279
1500593594150,61035724,2800.7199,0.0
1500593594150,61035724,2800.6099,0.20147771
1500593594842,61035726,2800.5,0.279
1500593594842,61035726,2800.61,0.0
1500593594853,61035728,2800.4999,0.20147771
1500593594853,61035728,2800.6099,0.0
1500593595004,61035729,2809.9997,0.51162881
1500593595563,61035730,2800.5,0.0
1500593595563,61035730,2800.39,0.279
1500593595572,61035731,2800.4999,0.0
1500593595572,61035731,2800.3899,0.20147771
1500593595690,61035732,2800.7198,0.0
1500593595690,61035732,2800.3898,0.04972644
1500593596051,61035734,2798.7898,0.01
1500593596307,61035735,2822.6087,0.0
1500593596307,61035735,2819.7239,30.0
1500593596363,61035736,2800.39,0.0
1500593596363,61035736,2800.28,0.279
1500593596372,61035737,2800.2799,0.20147771
1500593596372,61035737,2800.3899,0.0
1500593596582,61035739,2826.5255,0.0
1500593596582,61035739,2815.1286,9.62234495
1500593596621,61035740,2833.4262,22.92988621
1500593596621,61035740,2842.201,0.0
1500593597079,61035742,2800.28,0.0
1500593597079,61035742,2800.17,0.279
1500593597090,61035743,2800.1699,0.20147771
1500593597090,61035743,2800.2799,0.0
1500593597564,61035744,2798.7897,0.04972644
1500593597564,61035744,2800.3898,0.0
1500593597989,61035748,2800.06,0.279
1500593597989,61035748,2800.17,0.0
1500593597998,61035749,2800.0599,0.20147771
1500593597998,61035749,2800.1699,0.0
1500593598637,61035750,2800.06,0.0
1500593598637,61035750,2799.95,0.279
1500593598645,61035751,2799.9499,0.20147771
1500593598645,61035751,2800.0599,0.0
1500593599828,61035755,2801.05,0.279
1500593599828,61035755,2799.95,0.0
1500593600021,61035757,2816.1303,0.0
1500593600021,61035757,2810.1708,9.56769336
1500593600365,61035758,2810,0.0
1500593601378,61035761,2831.3332,22.92988621
1500593601378,61035761,2833.4262,0.0
1500593602970,61035766,2819.7239,0.0
1500593602970,61035766,2817.4552,30.0
1500593603644,61035767,2823.9354,9.62234495
1500593603644,61035767,2815.1286,0.0
1500593603672,61035769,2801.5789,9.56769336
1500593603672,61035769,2810.1708,0.0
1500593606708,61035776,2801.0499,0.20147771
1500593606708,61035776,2799.9499,0.0
1500593607079,61035783,2801.05,0.0
1500593607079,61035783,2800.94,0.279
1500593607088,61035784,2801.0499,0.0
1500593607088,61035784,2800.9399,0.20147771
1500593607350,61035788,2817.4552,0.0
1500593607350,61035788,2827.9109,30.0
1500593608589,61035801,2820.7595,9.62234495
1500593608589,61035801,2823.9354,0.0
1500593609516,61035811,2801.1582,0.0
1500593609670,61035813,2801.5789,0.0
1500593609670,61035813,2819.9767,9.56769336
1500593611109,61035829,2824.608,30.0
1500593611109,61035829,2827.9109,0.0
1500593612317,61035841,2900.99,0.1
1500593614180,61035860,2800.94,0.0
1500593614310,61035862,2800.9399,0.0
1500593614310,61035862,2808.8198,0.20147771
1500593615108,61035868,2808.71,0.279
1500593615116,61035869,2808.8198,0.0
1500593615116,61035869,2808.7099,0.20147771
1500593615772,61035876,2817.0847,9.56769336
1500593615772,61035876,2819.9767,0.0
1500593615890,61035878,2808.71,0.0
1500593615890,61035878,2808.6,0.279
1500593615900,61035879,2808.7099,0.0
1500593615900,61035879,2808.5999,0.20147771
1500593616587,61035887,2808.6,0.0
1500593616587,61035887,2808.49,0.279
1500593616597,61035889,2808.5999,0.0
1500593616597,61035889,2808.4899,0.20147771
1500593616654,61035890,2820.7595,0.0
1500593616654,61035890,2824.8226,9.67408419
1500593616861,61035893,2798.7897,0.92185682
1500593616869,61035894,2808.4899,0.0
1500593616869,61035894,2798.7896,0.20147771
1500593617435,61035897,2808.49,0.0
1500593617435,61035897,2808.71,0.279
1500593617689,61035898,2798.7895,0.04972644
1500593617689,61035898,2798.7897,0.87213038
1500593620788,61035907,2817.0847,0.0
1500593620788,61035907,2821.891,9.56769336
1500593621567,61035909,2825.7339,22.94248372
1500593621567,61035909,2831.3332,0.0
1500593621616,61035910,2824.8226,0.0
1500593621616,61035910,2822.0271,9.67408419
1500593623049,61035914,2880.9061,0.0
1500593624125,61035917,2880.3667,1.5
1500593624627,61035919,2825.7339,0.0
1500593624627,61035919,2831.3585,22.94248372
1500593624765,61035920,2798.7894,0.04
1500593624819,61035922,2798.7894,0.2347179
1500593624819,61035922,2798.7896,0.0
1500593625548,61035924,2798.7893,0.04972644
1500593625548,61035924,2798.7895,0.0
1500593625555,61035925,2798.7893,0.24444434
1500593625555,61035925,2798.7894,0.04
1500593625750,61035927,2821.891,0.0
1500593625750,61035927,2807.2414,9.56769336
1500593626152,61035929,2808.71,0.0
1500593626152,61035929,2807.14,0.279
1500593626522,61035931,2831.3585,0.0
1500593626522,61035931,2825.7339,22.94248372
1500593626809,61035934,2798.7894,0.0
1500593626809,61035934,2798.7898,0.0
1500593626809,61035934,2807.14,0.18483299
1500593626809,61035934,2798.7897,0.0
1500593626809,61035934,2798.7893,0.0
1500593627436,61035935,2809.9998,0.0
1500593627455,61035937,2807.1399,0.1947179
1500593627721,61035939,2807.1399,0.2047179
1500593627721,61035940,2822.0271,0.0
1500593627721,61035940,2819.4165,9.67408419
1500593627721,61035941,2807.2413,0.46976217
1500593627819,61035944,2807.03,0.279
1500593627819,61035944,2807.14,0.0
1500593627828,61035945,2807.1399,0.01
1500593627828,61035945,2807.0299,0.1947179
1500593628332,61035946,2825.7339,0.0
1500593628332,61035946,2831.3585,22.94248372
1500593628462,61035947,2806.92,0.279
1500593628462,61035947,2807.03,0.0
1500593628471,61035948,2807.0299,0.0
1500593628471,61035948,2806.9199,0.1947179
1500593629116,61035950,2806.92,0.0
1500593629116,61035950,2806.81,0.279
1500593629128,61035951,2806.9199,0.0
1500593629128,61035951,2806.8099,0.1947179
1500593629800,61035956,2806.7,0.279
1500593629800,61035956,2806.81,0.0
1500593630069,61035959,2806.6999,0.1947179
1500593630069,61035959,2806.8099,0.0
1500593630372,61035960,2831.3585,0.0
1500593630372,61035960,2825.7439,22.94248372
1500593630534,61035961,2806.59,0.279
1500593630534,61035961,2806.7,0.0
1500593630587,61035962,2806.5899,0.1947179
1500593630587,61035962,2806.6999,0.0
1500593630746,61035963,2819.9767,9.56769336
1500593630746,61035963,2807.2414,0.0
1500593630803,61035965,2807.2413,0.14802995
1500593630803,61035965,2806.59,0.0
1500593630803,61035965,2807.1399,0.0
1500593630803,61035965,2806.5899,0.0
1500593631144,61035966,2806.5898,0.05250109
1500593631144,61035966,2809.0399,0.0
1500593631152,61035968,2807.2412,0.1947179
1500593631614,61035970,2806.5897,0.04975265
1500593631622,61035971,2806.5897,0.24447055
1500593631622,61035971,2807.2412,0.0
1500593632175,61035978,2807.2413,0.0
1500593632989,61035980,2840,1.19047454
1500593633860,61035982,2808.9299,0.0
1500593633860,61035982,2806.5896,0.1572176
1500593633868,61035984,2806.5895,0.1947179
1500593633868,61035984,2806.5897,0.04975265
1500593635392,61035990,2809.9998,0.14802995
1500593635553,61035991,2819.4165,0.0
1500593635553,61035991,2810.6914,9.67408419
1500593635591,61035992,2806.5894,0.04975265
1500593635591,61035992,2806.5897,0.0
1500593635752,61035993,2804.815,9.56769336
1500593635752,61035993,2819.9767,0.0
1500593635763,61035995,2804.8149,0.1947179
1500593635763,61035995,2806.5895,0.0
1500593635988,61035996,2806.5893,0.26579715
1500593635988,61035996,2808.8199,0.0
1500593637387,61036000,2809.9998,0.0
1500593637680,61036001,2804.8149,0.34274785
1500593637691,61036002,2804.8149,0.14802995
1500593637691,61036002,2804.8148,0.1947179
1500593638406,61036006,2825.7439,0.0
1500593638406,61036006,2831.3064,22.94248372
1500593638406,61036007,2806.5894,0.0
1500593638406,61036007,2804.8147,0.04975265
1500593638449,61036008,2804.8147,0.47079361
1500593638449,61036008,2809.9099,0.0
1500593638449,61036009,2804.8148,0.0
1500593638449,61036009,2804.8146,0.1947179
1500593638843,61036011,2804.71,0.092
1500593638853,61036012,2804.7099,0.1947179
1500593638853,61036012,2804.8146,0.0
1500593639343,61036015,2804.6,0.092
1500593639343,61036015,2804.71,0.0
1500593639398,61036016,2804.5999,0.1947179
1500593639398,61036016,2804.7099,0.0
1500593640137,61036019,2804.49,0.092
1500593640137,61036019,2804.6,0.0
1500593640138,61036020,2880.3667,0.0
1500593640148,61036021,2804.4899,0.1947179
1500593640148,61036021,2804.5999,0.0
1500593640493,61036023,2860,0.25
1500593640494,61036024,2825.6846,22.94248372
1500593640494,61036024,2831.3064,0.0
1500593640680,61036026,2801.7704,9.56769336
1500593640680,61036026,2804.815,0.0
1500593640690,61036027,2801.7703,0.1947179
1500593640690,61036027,2804.4899,0.0
1500593640819,61036029,2804.4898,1.24775304
1500593640819,61036029,2809.9999,0.10600013
1500593641567,61036033,2879.7881,1.51
1500593641870,61036034,2804.8147,0.42104096
1500593641870,61036034,2801.7702,0.04975265
1500593642703,61036037,2827.9758,22.94248372
1500593642703,61036037,2825.6846,0.0
1500593643203,61036039,2801.7704,0.0
1500593643203,61036039,2804.8147,0.0
1500593643203,61036039,2804.4898,0.0
1500593643203,61036039,2804.49,0.0
1500593643203,61036039,2804.8149,0.10898786
1500593643203,61036039,2801.7703,0.0
1500593643203,61036039,2801.7702,0.0
1500593643241,61036041,2801.7701,0.01
1500593643255,61036043,2804.8148,0.1947179
1500593643313,61036044,2801.63,0.01
1500593643774,61036049,2801.6299,0.10600013
1500593643774,61036049,2809.9999,0.0
1500593643849,61036050,2804.8148,0.0
1500593643849,61036050,2801.6298,0.1947179
1500593643930,61036052,3220.332,5.676
1500593644901,61036059,2804.8149,0.0
1500593645317,61036060,2910.99,0.1
1500593645525,61036061,2801.6297,0.04987135
1500593645530,61036062,2819.5391,11.97566919
1500593645530,61036062,2810.6914,0.0
1500593645787,61036065,2814.8296,3.80879125
1500593645895,61036066,2804.7098,0.01
1500593646359,61036067,2827.9758,0.0
1500593646359,61036067,2831.2233,22.94248372
1500593647062,61036069,2814.8295,0.10898786
1500593648233,61036074,2814.8296,2.07078587
1500593648233,61036074,2804.7097,1.73800538
1500593648320,61036075,2888,0.25
1500593648369,61036076,2831.2233,0.0
1500593648369,61036076,2827.9481,22.94248372
1500593648847,61036077,2998.98,0.0
1500593648847,61036078,2819.5391,0.0
1500593648847,61036078,2807.7253,11.97566919
1500593648922,61036079,2801,0.606214
1500593648934,61036080,2801.6298,0.0
1500593648934,61036080,2800.9999,0.1947179
1500593649484,61036083,2800.9998,0.04987135
1500593649484,61036083,2801.6297,0.0
1500593650174,61036089,2800.89,0.144
1500593650182,61036090,2800.9999,0.0
1500593650182,61036090,2800.8899,0.1947179
1500593650610,61036093,2809.9997,0.0750158
1500593650610,61036093,2800.9997,0.43661301
1500593650611,61036094,2827.9481,0.0
1500593650611,61036094,2831.0665,22.94248372
1500593650621,61036095,2800.78,0.144
1500593650621,61036095,2800.89,0.0
1500593650634,61036096,2800.7799,0.1947179
1500593650634,61036096,2800.8899,0.0
1500593650969,61036099,2879.7881,0.0
1500593651001,61036100,2998.9799,0.0
1500593651546,61036101,2800.78,0.0
1500593651546,61036101,2800.67,0.144
1500593651556,61036102,2800.6699,0.1947179
1500593651556,61036102,2800.7799,0.0
1500593651698,61036104,2800.9998,0.0
1500593651698,61036104,2800.6698,0.04987135
1500593652271,61036106,2800.56,0.144
1500593652271,61036106,2800.67,0.0
1500593652278,61036107,2800.6699,0.0
1500593652278,61036107,2800.5599,0.1947179
1500593652331,61036108,2825.6846,22.94248372
1500593652331,61036108,2831.0665,0.0
1500593652596,61036109,2807.7253,0.0
1500593652596,61036109,2804.4241,11.97566919
1500593652887,61036111,2816.1302,0.0
1500593652887,61036111,2807.7252,3.02238752
1500593653021,61036112,2998.9999,0.44413877
1500593653106,61036113,2800.45,0.144
1500593653106,61036113,2800.56,0.0
1500593653116,61036114,2800.5599,0.0
1500593653116,61036114,2800.4499,0.1947179
1500593653433,61036116,2879.5658,1.51382865
1500593653580,61036117,2800.4498,0.04987135
1500593653580,61036117,2800.6698,0.0
1500593653730,61036118,2800.34,0.144
1500593653730,61036118,2800.45,0.0
1500593653738,61036119,2800.4499,0.0
1500593653738,61036119,2800.3399,0.20192504
1500593654399,61036120,2827.8927,22.94248372
1500593654399,61036120,2825.6846,0.0
1500593654974,61036125,2814.8295,0.0
1500593654974,61036126,2809.9997,0.0
1500593654974,61036126,2800.3398,0.0750158
1500593654984,61036127,2800.3399,0.0
1500593654984,61036127,2800.3397,0.20192504
1500593655050,61036128,2800.23,0.144
1500593655050,61036128,2800.34,0.0
1500593655058,61036129,2800.2299,0.20192504
1500593655058,61036129,2800.3397,0.0
1500593655234,61036130,2804.424,0.10898786
1500593655671,61036132,2800.2298,0.04987135
1500593655671,61036132,2800.4498,0.0
1500593655779,61036133,2800.23,0.0
1500593655779,61036133,2800.12,0.144
1500593655789,61036134,2800.1199,0.20192504
1500593655789,61036134,2800.2299,0.0
1500593656405,61036137,2800.01,0.144
1500593656405,61036137,2800.12,0.0
1500593656421,61036138,2800.0099,0.20192504
1500593656421,61036138,2800.1199,0.0
1500593657084,61036141,2800.01,0.0
1500593657084,61036141,2799.9,0.144
1500593657090,61036142,2800.0099,0.0
1500593657090,61036142,2799.8999,0.20192504
1500593657459,61036144,2799.8998,0.04987135
1500593657459,61036144,2800.2298,0.0
1500593657502,61036145,3221.446,4.45
1500593657711,61036147,2804.4241,0.0
1500593657711,61036147,2811.5218,11.97566919
1500593659481,61036152,2825.6202,22.94248372
1500593659481,61036152,2827.8927,0.0
1500593659489,61036153,2799.79,0.144
1500593659489,61036153,2799.9,0.0
1500593659496,61036154,2799.7899,0.20192504
1500593659496,61036154,2799.8999,0.0
1500593659547,61036156,2799.8998,0.0
1500593659547,61036156,2799.7898,0.04987135
1500593659651,61036157,2804.424,0.0
1500593659682,61036159,2811.2989,0.47712168
1500593659834,61036160,2804.7096,0.10898786
1500593660241,61036161,2799.68,0.144
1500593660241,61036161,2799.79,0.0
1500593660250,61036162,2799.6799,0.20192504
1500593660250,61036162,2799.7899,0.0
1500593660684,61036163,2811.5218,0.0
1500593660684,61036163,2806.7551,11.97566919
1500593661402,61036165,2799.57,0.144
1500593661402,61036165,2799.68,0.0
1500593661403,61036166,2825.6202,0.0
1500593661403,61036166,2827.7556,22.94248372
1500593661412,61036167,2799.5699,0.20192504
1500593661412,61036167,2799.6799,0.0
1500593661524,61036168,2799.7898,0.0
1500593661524,61036168,2799.5698,0.04987135
1500593662123,61036170,2799.46,0.144
1500593662123,61036170,2799.57,0.0
1500593662130,61036171,2799.4599,0.20192504
1500593662130,61036171,2799.5699,0.0
1500593663210,61036174,2813.0195,0.30359232
1500593663222,61036176,2799.35,0.144
1500593663222,61036176,2799.46,0.0
1500593663258,61036177,2799.4599,0.0
1500593663258,61036177,2799.3499,0.20192504
1500593663434,61036178,2799.3498,0.04987135
1500593663434,61036178,2799.5698,0.0
1500593663871,61036181,2799.24,0.144
1500593663871,61036181,2799.35,0.0
1500593663879,61036182,2799.3499,0.0
1500593663879,61036182,2799.2399,0.20192504
1500593664462,61036183,2810,0.07627
1500593664714,61036184,2806.5898,0.0
1500593664714,61036184,2799.2398,0.05250109
1500593664714,61036185,2799.13,0.144
1500593664714,61036185,2799.24,0.0
1500593664724,61036186,2799.2399,0.0
1500593664724,61036186,2799.1299,0.20192504
1500593664748,61036188,2811.2989,0.0
1500593665192,61036191,2799.1199,0.3
1500593665201,61036192,2799.1299,0.0
1500593665201,61036192,2799.1198,0.20192504
1500593665500,61036193,2799.01,0.144
1500593665500,61036193,2799.13,0.0
1500593665509,61036194,2799.0099,0.20192504
1500593665509,61036194,2799.1198,0.0
1500593666322,61036197,2799.01,0.0
1500593666322,61036197,2798.9,0.144
1500593666330,61036198,2799.0099,0.0
1500593666330,61036198,2798.8999,0.20192504
1500593667069,61036199,2804.7074,0.60772645
1500593667069,61036200,2798.8998,0.1572176
1500593667069,61036200,2806.5896,0.0
1500593667080,61036201,2798.8999,0.0
1500593667080,61036201,2798.8997,0.20192504
1500593667110,61036202,2798.9,0.0
1500593667110,61036202,2798.79,0.144
1500593667118,61036203,2798.8997,0.0
1500593667118,61036203,2798.7899,0.20192504
1500593668257,61036206,2799.1199,0.0
1500593668328,61036207,2798.68,0.144
1500593668328,61036207,2798.79,0.0
1500593668340,61036208,2798.7899,0.0
1500593668340,61036208,2798.6799,0.20192504
1500593668416,61036209,2827.7556,0.0
1500593668416,61036209,2825.6202,22.94248372
1500593668565,61036210,2800.9997,0.24913352
1500593668565,61036210,2798.68,0.0
1500593668565,61036210,2798.6799,0.0
1500593668565,61036210,2799.3498,0.0
1500593668565,61036210,2800.3398,0.0
1500593668565,61036210,2799.2398,0.0
1500593668565,61036210,2798.8998,0.0
1500593668571,61036211,2800.9996,0.20192504
1500593668577,61036212,2806.7551,0.0
1500593668577,61036212,2809.3472,11.97566919
1500593669214,61036214,2800.9995,0.26579715
1500593669214,61036214,2806.5893,0.0
1500593669222,61036215,2800.9994,0.20192504
1500593669222,61036215,2800.9996,0.0
1500593669708,61036217,2805.0933,0.54574364
1500593669727,61036218,2898.98,0.5
1500593670371,61036219,2825.6202,0.0
1500593670371,61036219,2831.3759,22.94248372
1500593670704,61036220,2813.0195,0.0
1500593671012,61036221,2800.9894,0.3
1500593671020,61036222,2800.9893,0.20192504
1500593671020,61036222,2800.9994,0.0
1500593671631,61036224,2800.9993,0.04
1500593672696,61036228,2804.8777,0.17832103
1500593673957,61036233,2801.63,0.0
1500593674178,61036235,2800.9894,0.0
1500593674271,61036236,2800.85,0.01
1500593674956,61036238,2804.6284,0.50166649
1500593675615,61036240,2920.99,0.1
1500593676857,61036244,2800.75,0.072
1500593676857,61036245,2804.9229,0.37932049
1500593676867,61036247,2800.7499,0.20192504
1500593676867,61036247,2800.9893,0.0
1500593677101,61036248,2840.1599,0.0
1500593677133,61036249,2800.7399,0.3
1500593677142,61036250,2800.7398,0.20192504
1500593677142,61036250,2800.7499,0.0
1500593677492,61036251,2800.63,0.072
1500593677492,61036251,2800.75,0.0
1500593677542,61036252,2800.6299,0.20192504
1500593677542,61036252,2800.7398,0.0
1500593678129,61036256,2800.6298,0.10600013
1500593678129,61036256,2801.6299,0.0
1500593678137,61036257,2800.6299,0.0
1500593678137,61036257,2800.6297,0.20192504
1500593678230,61036258,2800.52,0.072
1500593678230,61036258,2800.63,0.0
1500593678241,61036259,2800.6297,0.0
1500593678241,61036259,2800.5199,0.20192504
1500593678332,61036260,2826.7743,22.94248372
1500593678332,61036260,2831.3759,0.0
1500593679279,61036264,2800.52,0.0
1500593679279,61036264,2800.41,0.072
1500593679287,61036265,2800.5199,0.0
1500593679287,61036265,2800.4099,0.20192504
1500593679641,61036267,2809.3472,0.0
1500593679641,61036267,2813.9451,11.97566919
1500593679863,61036270,2800.41,0.0
1500593679863,61036270,2800.3,0.072
1500593680185,61036271,2814.8296,0.0
1500593680185,61036271,2804.6283,2.07078587
1500593680201,61036272,2800.2999,0.20192504
1500593680201,61036272,2800.4099,0.0
1500593680212,61036273,2800.7399,0.0
1500593680508,61036274,2800.19,0.072
1500593680508,61036274,2800.3,0.0
1500593680517,61036275,2800.2999,0.0
1500593680517,61036275,2800.1899,0.20192504
1500593681152,61036277,2800.19,0.0
1500593681152,61036277,2800.08,0.072
1500593681152,61036278,2800.1899,0.0
1500593681152,61036278,2800.0799,0.20192504
1500593681453,61036279,2800.8499,0.01
1500593681492,61036280,2840,0.94047454
1500593681872,61036283,2799.97,0.072
1500593681872,61036283,2800.08,0.0
1500593681882,61036284,2800.0799,0.0
1500593681882,61036284,2799.9699,0.20192504
1500593682249,61036285,2804.7097,0.0
1500593682249,61036285,2804.6283,3.80879125
1500593682378,61036286,2804.6207,1.0
1500593682577,61036287,2831.4583,22.94248372
1500593682577,61036287,2826.7743,0.0
1500593682582,61036288,2799.86,0.072
1500593682582,61036288,2799.97,0.0
1500593682594,61036289,2799.9699,0.0
1500593682594,61036289,2799.8599,0.20192504
1500593682755,61036292,2800.9993,0.0
1500593683082,61036293,2799.8499,0.3
1500593683102,61036294,2799.8498,0.20192504
1500593683102,61036294,2799.8599,0.0
1500593683291,61036296,2799.86,0.0
1500593683291,61036296,2799.75,0.072
1500593683302,61036297,2799.7499,0.19946346
1500593683302,61036297,2799.8498,0.0
1500593683942,61036299,2800.0798,0.04
1500593683988,61036300,2804.7096,0.0
1500593683989,61036302,2799.75,0.0
1500593683989,61036302,2799.64,0.072
1500593684064,61036303,2799.6399,0.19946346
1500593684064,61036303,2799.7499,0.0
1500593684166,61036304,2804.6282,0.10898786
1500593684531,61036306,2813.9451,0.0
1500593684531,61036306,2808.389,11.97566919
1500593684576,61036307,2799.64,0.0
1500593684576,61036307,2799.53,0.072
1500593684589,61036308,2799.5299,0.19946346
1500593684589,61036308,2799.6399,0.0
1500593684747,61036309,2804.7074,0.0
1500593684994,61036310,2800.9997,0.0
1500593685585,61036311,2799.53,0.0
1500593685585,61036311,2799.42,0.072
1500593685607,61036313,2799.5299,0.0
1500593685607,61036313,2799.4199,0.19946346
1500593685804,61036314,2805.0933,0.0
1500593686508,61036315,2799.8499,0.0
1500593686813,61036316,2799.31,0.072
1500593686813,61036316,2799.42,0.0
1500593686822,61036319,2799.3099,0.19946346
1500593686822,61036319,2799.4199,0.0
1500593687174,61036320,2804.8777,0.0
1500593687521,61036323,2799.2,0.072
1500593687521,61036323,2799.31,0.0
1500593687521,61036324,2799.1999,0.19946346
1500593687521,61036324,2799.3099,0.0
1500593687705,61036325,2804.6284,0.0
1500593687926,61036326,2808.3889,3.02238752
1500593687926,61036326,2807.7252,0.0
1500593688153,61036327,2799.2,0.0
1500593688153,61036327,2799.09,0.072
1500593688163,61036328,2799.1999,0.0
1500593688163,61036328,2799.0899,0.19946346
1500593688690,61036329,2811.9136,11.97566919
1500593688690,61036329,2808.389,0.0
1500593689082,61036330,2804.9229,0.0
1500593689306,61036331,2799.09,0.0
1500593689306,61036331,2798.98,0.072
1500593689323,61036332,2799.0899,0.0
1500593689323,61036332,2798.9799,0.19946346
1500593689906,61036334,2798.87,0.072
1500593689906,61036334,2798.98,0.0
1500593689916,61036335,2798.9799,0.0
1500593689916,61036335,2798.8699,0.19946346
1500593690573,61036338,2798.87,0.0
1500593690573,61036338,2798.76,0.072
1500593690581,61036339,2798.8699,0.0
1500593690581,61036339,2798.7599,0.19946346
1500593690750,61036341,2801,0.0
1500593691181,61036343,2798.76,0.0
1500593691181,61036343,2798.65,0.072
1500593691193,61036344,2798.6499,0.19946346
1500593691193,61036344,2798.7599,0.0
1500593691766,61036346,2798.54,0.072
1500593691766,61036346,2798.65,0.0
1500593691774,61036347,2798.5399,0.19946346
1500593691774,61036347,2798.6499,0.0
1500593692020,61036348,2860,0.0
1500593692611,61036351,2798.54,0.0
1500593692611,61036351,2798.43,0.072
1500593692626,61036353,2798.4299,0.19946346
1500593692626,61036353,2798.5399,0.0
1500593692786,61036355,2809.4227,0.84614199
1500593693666,61036356,2816.2051,11.97566919
1500593693666,61036356,2811.9136,0.0
1500593695038,61036361,2798.4199,0.3
1500593695053,61036362,2798.4299,0.0
1500593695053,61036362,2798.4198,0.19946346
1500593695531,61036363,2800.0798,0.0
1500593696681,61036366,2798.4298,0.04
1500593696704,61036367,2809.3618,0.72538662
1500593697919,61036371,2816.2051,0.0
1500593697919,61036371,2813.8162,11.97566919
1500593698083,61036372,2938,0.0
1500593698296,61036373,2798.4199,0.0
1500593698352,61036374,2829.4866,22.94248372
1500593698352,61036374,2831.4583,0.0
1500593698869,61036375,2809.7832,0.6412495
1500593699609,61036376,2805,0.51067326
1500593699986,61036379,2798.43,0.0
1500593700064,61036380,2798.4198,0.0
1500593700064,61036380,2800.6297,0.19946346
1500593700440,61036381,2831.4583,22.94248372
1500593700440,61036381,2829.4866,0.0
1500593700730,61036382,2930.99,0.1
1500593700815,61036383,2798.32,0.072
1500593700825,61036384,2800.6297,0.0
1500593700825,61036384,2798.3199,0.19946346
1500593701523,61036386,2798.3099,0.3
1500593701535,61036387,2798.3098,0.19946346
1500593701535,61036387,2798.3199,0.0
1500593701836,61036388,2798.32,0.0
1500593701836,61036388,2798.21,0.072
1500593701859,61036389,2798.3098,0.0
1500593701859,61036389,2798.2099,0.19946346
1500593702263,61036391,2800.85,0.0
1500593702690,61036393,2798.1,0.072
1500593702690,61036393,2798.21,0.0
1500593702701,61036394,2798.0999,0.19946346
1500593702701,61036394,2798.2099,0.0
1500593702953,61036396,2798.1,0.082
1500593703306,61036399,2797.99,0.072
1500593703306,61036399,2798.1,0.01
1500593703329,61036401,2797.9899,0.19946346
1500593703329,61036401,2798.0999,0.0
1500593704062,61036405,2797.88,0.072
1500593704062,61036405,2797.99,0.0
1500593704070,61036406,2797.8799,0.19946346
1500593704070,61036406,2797.9899,0.0
1500593704131,61036407,2798.3099,0.0
1500593704803,61036408,2797.77,0.072
1500593704803,61036408,2797.88,0.0
1500593704815,61036409,2797.7699,0.19946346
1500593704815,61036409,2797.8799,0.0
1500593705561,61036410,2797.66,0.072
1500593705561,61036410,2797.77,0.0
1500593705570,61036411,2797.7699,0.0
1500593705570,61036411,2797.6599,0.19946346
1500593705853,61036414,2795,0.606214
1500593705863,61036415,2797.6599,0.0
1500593705863,61036415,2794.9999,0.19946346
1500593706625,61036417,2794.9998,0.01
1500593706677,61036420,2794.89,0.072
1500593706677,61036420,2797.66,0.0
1500593706685,61036421,2794.8899,0.19946346
1500593706685,61036421,2794.9999,0.0
1500593707362,61036422,2794.8799,0.3
1500593707371,61036423,2794.8899,0.0
1500593707371,61036423,2794.8798,0.19946346
1500593707912,61036424,2794.78,0.072
1500593707912,61036424,2794.89,0.0
1500593707920,61036425,2794.8798,0.0
1500593707920,61036425,2794.7799,0.19946346
1500593708592,61036427,2794.78,0.0
1500593708592,61036427,2794.67,0.072
1500593708642,61036429,2794.7799,0.0
1500593708642,61036429,2794.6699,0.19946346
1500593708670,61036430,2809.4227,0.0
1500593708681,61036431,2798.4298,0.0
1500593708857,61036433,2800.9995,0.0
1500593708857,61036433,2798.0999,0.26579715
1500593708857,61036434,2794.6698,0.04992878
1500593709322,61036435,2794.67,0.0
1500593709322,61036435,2794.56,0.072
1500593709342,61036436,2794.6699,0.0
1500593709342,61036436,2794.5599,0.19946346
1500593709920,61036438,2794.9997,0.04
1500593710015,61036439,2794.45,0.072
1500593710015,61036439,2794.56,0.0
1500593710030,61036440,2794.5599,0.0
1500593710030,61036440,2794.4499,0.19946346
1500593710143,61036441,2794.8799,0.0
1500593710526,61036442,2794.6698,0.0
1500593710526,61036442,2794.4498,0.04992878
1500593710763,61036443,2819.135,0.26487795
1500593710791,61036444,2794.34,0.072
1500593710791,61036444,2794.45,0.0
1500593710804,61036445,2794.4499,0.0
1500593710804,61036445,2794.3399,0.19946346
1500593711466,61036446,2794.23,0.072
1500593711466,61036446,2794.34,0.0
1500593711491,61036447,2794.2299,0.19946346
1500593711491,61036447,2794.3399,0.0
1500593711500,61036448,2798.0999,0.68948916
1500593712421,61036450,2794.12,0.072
1500593712421,61036450,2794.23,0.0
1500593712432,61036451,2794.1199,0.19946346
1500593712432,61036451,2794.2299,0.0
1500593712635,61036452,2794.1198,0.04992878
1500593712635,61036452,2794.4498,0.0
1500593712912,61036453,2809.3618,0.0
1500593713123,61036454,2794.1098,0.3
1500593713132,61036455,2794.1199,0.0
1500593713132,61036455,2794.1097,0.19946346
1500593713168,61036456,2794.12,0.0
1500593713168,61036456,2794.01,0.072
1500593713176,61036457,2794.0099,0.19946346
1500593713176,61036457,2794.1097,0.0
1500593713372,61036458,2938,0.5
1500593714523,61036461,2794.1198,0.0
1500593714523,61036461,2794.0098,0.04992878
1500593714762,61036462,2819.9752,0.20604381
1500593716068,61036467,2794.0097,0.10600013
1500593716068,61036467,2800.6298,0.0
1500593716078,61036468,2794.0096,0.19497064
1500593716078,61036468,2794.0099,0.0
1500593716619,61036469,2794.0098,0.0
1500593716619,61036469,2794.0095,0.04992878
1500593716823,61036470,2809.7832,0.0
1500593718668,61036473,2804.6206,2.07078587
1500593718668,61036473,2804.6283,1.73800538
1500593718861,61036475,2804.6207,0.0
1500593719182,61036476,2804.613,1.0
1500593719416,61036477,2794.1098,0.0
1500593719704,61036478,2819.2193,0.65712856
1500593719940,61036479,2804.6282,0.0
1500593720130,61036480,2804.6205,0.10898786
1500593720692,61036481,2801.77,1.73800538
1500593720692,61036481,2804.6283,0.0
1500593720925,61036484,2794.9997,0.0
1500593721978,61036486,2794.0094,0.04
1500593721986,61036488,2794.01,0.0
1500593722045,61036489,2794.0094,0.23497064
1500593722045,61036489,2794.0096,0.0
1500593722114,61036490,2793.9995,0.3
1500593722190,61036491,2793.9994,0.19497064
1500593722190,61036491,2794.0094,0.04
1500593722375,61036492,2793.9993,0.04992878
1500593722375,61036492,2794.0095,0.0
1500593723752,61036495,2819.269,0.68860292
1500593724334,61036500,2828.4748,22.94248372
1500593724334,61036500,2831.4583,0.0
1500593724336,61036501,2804.6205,0.0
1500593724509,61036503,2801.7699,0.10898786
1500593726801,61036515,2804.6129,3.02238752
1500593726801,61036515,2808.3889,0.0
1500593728118,61036523,2793.9995,0.0
1500593729290,61036532,2804.613,0.0
1500593729364,61036534,2825.7446,22.94248372
1500593729364,61036534,2828.4748,0.0
1500593729864,61036540,2793.9992,0.07536054
1500593729891,61036541,2793.9991,0.19497064
1500593729891,61036541,2793.9994,0.0
1500593729966,61036543,2804.6079,1.0
1500593730786,61036547,2819.135,0.0
1500593730913,61036549,2793.89,0.072
1500593730927,61036550,2793.9991,0.0
1500593730927,61036550,2793.8899,0.19497064
1500593731208,61036556,2793.8799,0.3
1500593731221,61036557,2793.8798,0.19497064
1500593731221,61036557,2793.8899,0.0
1500593731305,61036559,2793.89,0.0
1500593731305,61036559,2793.78,0.072
1500593731349,61036561,2793.7799,0.19497064
1500593731349,61036561,2793.8798,0.0
1500593731914,61036563,2940.99,0.1
1500593731914,61036564,2793.67,0.072
1500593731914,61036564,2793.78,0.0
1500593731925,61036565,2793.6699,0.19497064
1500593731925,61036565,2793.7799,0.0
1500593732915,61036567,2831.5006,22.94248372
1500593732915,61036567,2825.7446,0.0
1500593732918,61036569,2793.56,0.072
1500593732918,61036569,2793.67,0.0
1500593732957,61036570,2793.5599,0.19497064
1500593732957,61036570,2793.6699,0.0
1500593733006,61036571,2793.6604,0.06491
1500593733006,61036572,2822.3848,0.30245861
1500593733358,61036573,2798.1,0.0
1500593733658,61036574,2793.5598,0.04992878
1500593733658,61036574,2793.9993,0.0
1500593733900,61036576,2793.56,0.0
1500593733900,61036576,2793.45,0.072
1500593733903,61036577,2793.46,0.01
1500593733908,61036578,2793.4499,0.19497064
1500593733908,61036578,2793.5599,0.0
1500593734079,61036580,2793.4498,0.04992878
1500593734079,61036580,2793.5598,0.0
1500593734110,61036581,2793.8799,0.0
1500593734165,61036582,2794.0094,0.0
1500593734663,61036588,2793.45,0.0
1500593734663,61036588,2793.34,0.072
1500593734677,61036589,2793.3399,0.19497064
1500593734677,61036589,2793.4499,0.0
1500593734696,61036590,2793.4431,0.16568
1500593734819,61036591,2822.0125,0.15095574
1500593735466,61036594,2793.4498,0.0
1500593735466,61036594,2793.3398,0.04992878
1500593735670,61036595,2793.23,0.072
1500593735670,61036595,2793.34,0.0
1500593735679,61036596,2793.3399,0.0
1500593735679,61036596,2793.2299,0.19497064
1500593735744,61036598,2793.9992,0.08536054
1500593736432,61036600,2793.23,0.0
1500593736432,61036600,2793.12,0.072
1500593736440,61036601,2793.2299,0.0
1500593736440,61036601,2793.1199,0.19497064
1500593737083,61036603,2793.1099,0.3
1500593737094,61036604,2793.1098,0.19497064
1500593737094,61036604,2793.1199,0.0
1500593737294,61036605,2793.01,0.072
1500593737294,61036605,2793.12,0.0
1500593737304,61036606,2793.0099,0.19497064
1500593737304,61036606,2793.1098,0.0
1500593737545,61036607,2793.3398,0.0
1500593737545,61036607,2793.0098,0.04992878
1500593737964,61036610,2792.9,0.072
1500593737964,61036610,2793.01,0.0
1500593737976,61036611,2793.0099,0.0
1500593737976,61036611,2792.8999,0.19497064
1500593738517,61036613,2827.7645,22.94248372
1500593738517,61036613,2831.5006,0.0
1500593739075,61036615,2819.2193,0.0
1500593739076,61036616,2879.5658,0.0
1500593739644,61036619,2792.8998,0.04992878
1500593739644,61036619,2793.0098,0.0
1500593740220,61036625,2793.1099,0.0
1500593740424,61036626,2792.8998,0.01659544
1500593740557,61036627,2808.9764,11.97566919
1500593740557,61036627,2813.8162,0.0
1500593740778,61036628,2792.8997,0.05272088
1500593741350,61036630,2827.7645,0.0
1500593741350,61036630,2831.5006,22.94248372
1500593741672,61036631,2819.269,0.0
1500593742938,61036634,2793.6604,0.0
1500593743595,61036635,2792.8997,0.21057858
1500593743607,61036636,2792.8999,0.0
1500593743607,61036636,2792.8996,0.19117852
1500593743688,61036639,2804.6079,0.0
1500593743762,61036640,2792.8976,0.06491
1500593744495,61036642,2793.4431,0.0
1500593744572,61036643,2792.8896,0.16568
1500593744584,61036645,2792.8996,0.0
1500593744584,61036645,2792.8895,0.19117852
1500593744889,61036646,2821.1229,0.32425046
1500593745401,61036647,2827.9306,22.94248372
1500593745401,61036647,2831.5006,0.0
1500593745695,61036648,2792.8894,0.01659544
1500593745695,61036648,2792.8998,0.0
1500593746232,61036650,2793.4599,0.26579715
1500593746232,61036650,2798.0999,0.42369201
1500593746253,61036652,2792.9,0.0
1500593746724,61036653,2821.5809,0.32642388
1500593746741,61036654,2879.5658,1.51382865
1500593747345,61036655,2792.78,0.072
1500593747353,61036656,2792.7799,0.19117852
1500593747353,61036656,2792.8895,0.0
1500593747485,61036657,2792.8894,0.0
1500593747485,61036657,2792.7798,0.01659544
1500593747599,61036658,2795,0.0
1500593748194,61036661,2792.78,0.0
1500593748194,61036661,2792.67,0.072
1500593748204,61036662,2792.7799,0.0
1500593748204,61036662,2792.6699,0.19117852
1500593748340,61036663,2794.9997,0.42369201
1500593748340,61036663,2798.0999,0.0
1500593748668,61036664,2821.7919,0.8648808
1500593748997,61036665,2792.67,0.0
1500593748997,61036665,2792.56,0.072
1500593749005,61036666,2792.6699,0.0
1500593749005,61036666,2792.5599,0.19117852
1500593749217,61036667,2792.6599,0.3
1500593749272,61036668,2792.5599,0.03295811
1500593749498,61036669,2831.5006,22.94248372
1500593749498,61036669,2827.9306,0.0
1500593749581,61036671,2792.5598,0.01659544
1500593749581,61036671,2792.7798,0.0
1500593749824,61036672,2792.45,0.072
1500593749824,61036672,2792.56,0.0
1500593749837,61036674,2792.5599,0.0
1500593749837,61036674,2792.4499,0.19117852
1500593750519,61036676,2792.34,0.072
1500593750519,61036676,2792.45,0.0
1500593750537,61036677,2808.9764,0.0
1500593750537,61036677,2811.4867,11.97566919
1500593750537,61036678,2792.4499,0.0
1500593750537,61036678,2792.3399,0.19117852
1500593751110,61036684,2792.34,0.0
1500593751110,61036684,2792.23,0.072
1500593751122,61036685,2792.2299,0.19117852
1500593751122,61036685,2792.3399,0.0
1500593751681,61036689,2792.5598,0.0
1500593751681,61036689,2792.2298,0.01659544
1500593751729,61036690,2792.12,0.072
1500593751729,61036690,2792.23,0.0
1500593751738,61036691,2792.2299,0.0
1500593751738,61036691,2792.1199,0.19117852
1500593752345,61036692,2792.01,0.072
1500593752345,61036692,2792.12,0.0
1500593752346,61036693,2792.6599,0.0
1500593752357,61036694,2792.1199,0.0
1500593752357,61036694,2792.0099,0.19117852
1500593753109,61036697,2950.99,0.1
1500593753114,61036698,2792.01,0.0
1500593753114,61036698,2791.9,0.072
1500593753124,61036699,2792.0099,0.0
1500593753124,61036699,2791.8999,0.19117852
1500593753651,61036700,2791.8998,0.01659544
1500593753651,61036700,2792.2298,0.0
1500593753825,61036702,2791.9,0.0
1500593753825,61036702,2791.79,0.072
1500593753836,61036704,2791.7899,0.19117852
1500593753836,61036704,2791.8999,0.0
1500593754012,61036705,2804.6061,1.0
1500593754504,61036706,2791.79,0.0
1500593754504,61036706,2791.68,0.072
1500593754513,61036707,2791.6799,0.19117852
1500593754513,61036707,2791.7899,0.0
1500593755037,61036709,2791.6699,0.3
1500593755051,61036710,2791.6698,0.19117852
1500593755051,61036710,2791.6799,0.0
1500593755104,61036711,2792.8976,0.0
1500593755171,61036712,2792.8896,0.0
1500593755198,61036713,2791.57,0.072
1500593755198,61036713,2791.68,0.0
1500593755207,61036714,2791.5699,0.19117852
