timestamp,id,price,q
1500591203000,61022182,2839.666,0.02018995
1500591203132,61022183,2831.78,0.154
1500591203573,61022184,2840.8011,0.0
1500591203889,61022185,2831.78,0.154
1500591205352,61022192,2824.9899,0.0
1500591206820,61022197,2840.6756,0.0
1500591207234,61022198,2840.97,0.0
1500591207666,61022199,2840.6923,0.0
1500591208047,61022200,2824.9798,0.4
1500591208081,61022201,2824.9898,0.0
1500591208081,61022201,2824.9797,0.16149151
1500591208531,61022202,2846.91,0.28
1500591208770,61022204,2841.6197,0.0
1500591209387,61022206,2840.6726,0.0
1500591209636,61022207,2841.9885,1.0
1500591209766,61022208,2841.0376,0.0
1500591210172,61022210,2831.78,0.0
1500591210749,61022211,2860.5325,0.0
1500591210751,61022212,2841.249,0.0
1500591210806,61022214,2831.9999,0.43915588
1500591210806,61022214,2831.8899,0.0
1500591210945,61022215,2831.78,0.154
1500591211089,61022218,2824.9798,0.0
1500591211155,61022221,2877.7993,0.0
1500591211599,61022223,2831.78,0.0
1500591211599,61022223,2831.89,0.154
1500591211708,61022224,2841.0166,0.0
1500591212768,61022226,2842.586,0.0
1500591212840,61022227,2860.6033,0.239
1500591213185,61022230,2877.8705,0.5
1500591213809,61022234,2824.9797,0.10279477
1500591213845,61022236,2827.9998,0.10279477
1500591213845,61022236,2824.9797,0.0
1500591213878,61022237,2824.9999,0.10279477
1500591213878,61022237,2827.9998,0.0
1500591215398,61022244,2831.89,0.154
1500591216077,61022247,2831.89,0.154
1500591216804,61022248,2831.89,0.154
1500591216804,61022249,2842.3185,0.0
1500591217434,61022250,2831.89,0.154
1500591218040,61022252,2831.89,0.154
1500591218690,61022253,2831.89,0.154
1500591218714,61022254,2841.1474,0.0
1500591219293,61022256,2831.89,0.154
1500591219902,61022259,2831.89,0.154
1500591219955,61022260,2824.9899,0.4
1500591219986,61022261,2824.9898,0.10279477
1500591219986,61022261,2824.9999,0.0
1500591220545,61022269,2831.89,0.154
1500591221181,61022272,2831.89,0.154
1500591221737,61022273,2842.5395,0.0
1500591221758,61022274,2831.89,0.154
1500591221840,61022275,2841.9885,0.0
1500591221941,61022276,2842.8376,1.0
1500591222711,61022277,2824.9898,0.05079477
1500591222880,61022278,2831.89,0.154
1500591223562,61022282,2831.89,0.0
1500591223562,61022282,2834.55,0.154
1500591223696,61022283,2844.2558,0.71486664
1500591225963,61022290,2843.3072,0.78684121
1500591225980,61022291,2842.8458,0.0
1500591225980,61022291,2845.84,29.87410827
1500591226164,61022292,2824.9899,0.0
1500591227692,61022295,2842.9976,0.56860989
1500591229692,61022299,2842.8275,0.93340689
1500591230229,61022300,2831.7799,0.44468496
1500591230229,61022300,2831.9999,0.71521674
1500591231432,61022304,2846.91,0.0
1500591231667,61022305,2843.1102,0.98121583
1500591232095,61022307,2857.83,0.28
1500591232375,61022308,2842.8376,0.0
1500591232438,61022309,2831.7799,0.0
1500591232438,61022309,2831.9999,1.1599017
1500591232779,61022310,2842.8227,1.0
1500591233716,61022314,2843.6773,0.24675411
1500591234717,61022317,2834.6599,0.0
1500591234717,61022317,2834.9999,1.29778107
1500591234971,61022318,2824.9798,0.4
1500591235003,61022319,2824.9898,0.0
1500591235003,61022319,2824.9797,0.05079477
1500591235105,61022321,2834.55,0.0
1500591235105,61022321,2834.89,0.154
1500591235812,61022327,2843.3311,0.76977003
1500591237794,61022330,2844.8547,0.29988176
1500591238055,61022332,2824.9798,0.0
1500591238855,61022333,2860.6033,0.0
1500591239667,61022337,2844.3265,0.92689508
1500591240028,61022338,2834.89,0.154
1500591240789,61022339,2860.6033,0.215
1500591241217,61022341,2836.3,0.154
1500591241217,61022341,2834.89,0.0
1500591241668,61022343,2844.4017,0.2494683
1500591243814,61022349,2845.657,0.88536555
1500591246814,61022356,2845.7185,0.43297073
1500591247078,61022357,2824.9697,0.4
1500591247111,61022358,2824.9696,0.05079477
1500591247111,61022358,2824.9797,0.0
1500591247665,61022362,2843.3072,0.0
1500591249383,61022370,2848.2007,29.87410827
1500591249383,61022370,2845.84,0.0
1500591249938,61022372,2846.784,0.21128137
1500591250182,61022374,2824.9697,0.0
1500591250670,61022379,2842.9976,0.0
1500591250763,61022381,2842.8227,0.0
1500591250840,61022382,2844.2527,1.0
1500591250881,61022383,2836.3,0.0
1500591250881,61022383,2834.89,0.154
1500591251851,61022388,2857.83,0.0
1500591253060,61022395,2824.9596,0.4
1500591253093,61022397,2824.9696,0.0
1500591253093,61022397,2824.9595,0.05079477
1500591253211,61022399,2836.3,0.154
1500591253211,61022399,2834.89,0.0
1500591253330,61022401,2847.7364,0.0
1500591253330,61022401,2849.8498,15.72481308
1500591253708,61022402,2846.3269,0.32239828
1500591254762,61022405,2842.8275,0.0
1500591256098,61022407,2824.9596,0.0
1500591257747,61022409,2845.8696,0.6466825
1500591258901,61022411,2843.1102,0.0
1500591259234,61022412,2877.8705,0.0
1500591259298,61022413,2863.14,0.28
1500591259756,61022415,2860.6033,0.0
1500591260744,61022420,2843.6773,0.0
1500591261666,61022421,2845.642,0.27174369
1500591263022,61022422,2843.3311,0.0
1500591263695,61022423,2845.0804,0.19451369
1500591264668,61022429,2845.4088,0.23148745
1500591265420,61022431,2834.9999,0.0
1500591265420,61022431,2835.4999,1.29778107
1500591265803,61022435,2836.3,0.0
1500591265803,61022435,2835.39,0.154
1500591266433,61022438,2835.39,0.154
1500591267041,61022445,2835.39,0.154
1500591267402,61022446,2825.2079,0.01
1500591267711,61022447,2836.3,0.154
1500591267711,61022447,2835.39,0.0
1500591268249,61022449,2834.6599,0.10929675
1500591268249,61022449,2827.9999,0.0
1500591268818,61022456,2846.5203,0.18139836
1500591269725,61022457,2845.0648,0.0
1500591269725,61022457,2847.1147,6.60304687
1500591269857,61022460,2844.2527,0.0
1500591269933,61022461,2846.7724,1.0
1500591270773,61022463,2846.5711,0.34339926
1500591270845,61022464,2836.3,0.0
1500591270845,61022464,2839.56,0.154
1500591271411,61022466,2836.3,0.154
1500591271411,61022466,2839.56,0.0
1500591272875,61022468,2846.1606,0.48236525
1500591273701,61022471,2845.1541,0.58956808
1500591274530,61022474,2847.1147,0.0
1500591274530,61022474,2849.7063,6.60304687
1500591274664,61022475,2846.7064,0.83650243
1500591274688,61022476,2863.14,0.0
1500591274887,61022477,2836.3,0.0
1500591274887,61022477,2839.56,0.154
1500591274997,61022478,2831.9999,0.72074582
1500591274997,61022478,2836.2999,0.43915588
1500591275786,61022479,2855.4693,15.72481308
1500591275786,61022479,2849.8498,0.0
1500591280427,61022489,2836.19,0.154
1500591280427,61022489,2839.56,0.0
1500591280532,61022490,2846.7724,0.0
1500591280796,61022493,2847.9878,1.0
1500591282832,61022502,2828,0.0
1500591282832,61022502,2825.208,0.0
1500591282832,61022502,2829.9999,0.08403427
1500591282832,61022502,2825.2079,0.0
1500591282977,61022504,2829.9899,0.4
1500591283464,61022514,2829.9898,0.19255899
1500591283670,61022519,2839.56,0.154
1500591283670,61022519,2836.19,0.0
1500591284672,61022520,2851.8485,6.60304687
1500591284672,61022520,2849.7063,0.0
1500591284728,61022521,2844.2558,0.0
1500591285705,61022525,2844.8547,0.0
1500591286246,61022526,2829.9899,0.0
1500591286497,61022529,2865.82,0.28
1500591286815,61022531,2844.3265,0.0
1500591287665,61022532,2844.4017,0.0
1500591288546,61022536,2830,0.0
1500591288546,61022536,2832,0.0
1500591288546,61022536,2835,0.0
1500591288546,61022536,2834.66,0.0
1500591288546,61022536,2829.9999,0.0
1500591288546,61022536,2829.9898,0.0
1500591288546,61022536,2834.6599,0.0
1500591288546,61022536,2835.4999,0.14075758
1500591288546,61022536,2831.9999,0.0
1500591289050,61022538,2845.0804,0.0
1500591289187,61022539,2835.4899,0.4
1500591289208,61022540,2835.4998,0.01
1500591289667,61022541,2847.5562,0.49190271
1500591290836,61022545,2846.8292,0.10109082
1500591291032,61022546,2835.4999,0.19075763
1500591291699,61022551,2845.1541,0.0
1500591292570,61022553,2858.9641,15.72481308
1500591292570,61022553,2855.4693,0.0
1500591292570,61022554,2835.4899,0.0
1500591292808,61022556,2847.244,0.99867326
1500591293022,61022558,2839.56,0.0
1500591293968,61022565,2852.74,0.216
1500591294060,61022567,3122.174,0.0
1500591294110,61022569,3164.255,0.0
1500591294561,61022570,2852.74,0.0
1500591294561,61022570,2858.86,0.216
1500591294701,61022571,2845.4088,0.0
1500591294967,61022572,2835.4898,0.4
1500591295800,61022575,2847.88,0.216
1500591295800,61022575,2858.86,0.0
1500591295994,61022578,2847.9878,0.0
1500591296405,61022585,2848.1,0.216
1500591296405,61022585,2847.88,0.0
1500591296530,61022586,2851.8485,0.0
1500591296530,61022586,2854.8451,6.60304687
1500591296814,61022588,2847.3875,0.62566137
1500591297226,61022589,2858.86,0.216
1500591297226,61022589,2848.1,0.0
1500591298020,61022592,2854.74,0.216
1500591298020,61022592,2858.86,0.0
1500591298932,61022596,2835.4999,0.05000005
1500591299174,61022598,2835.4898,0.02666666
1500591299191,61022599,2847.8279,0.26614082
1500591299372,61022600,2865.82,0.0
1500591299489,61022603,2858.9641,0.0
1500591299489,61022603,2865.9553,16.48171801
1500591299666,61022604,2847.9789,0.6651926
1500591301810,61022612,2835.4898,0.0052418
1500591302400,61022613,2835.4,0.02
1500591302476,61022614,2865.85,0.216
1500591302476,61022614,2854.74,0.0
1500591302989,61022617,2835.5,0.0
1500591302989,61022617,2835.4898,0.0
1500591302989,61022617,2835.4,0.0
1500591302989,61022617,2836.2999,0.04706054
1500591302989,61022617,2835.4998,0.0
1500591302989,61022617,2835.4999,0.0
1500591303563,61022624,2854.8451,0.0
1500591303563,61022624,2857.2452,6.632895
1500591303655,61022625,2854.74,0.216
1500591303655,61022625,2865.85,0.0
1500591304609,61022627,2857.14,0.216
1500591304609,61022627,2854.74,0.0
1500591304895,61022628,2845.657,0.0
1500591305933,61022629,2845.642,0.0
1500591306193,61022633,3133.454,8.203
1500591306193,61022633,3115.815,0.0
1500591307761,61022641,3116.103,0.0
1500591307761,61022641,3135.632,10.044
1500591307768,61022642,2848.3495,0.71852642
1500591309076,61022644,2836.2999,0.0
1500591309227,61022646,2857.14,0.0
1500591309227,61022646,2860.84,0.216
1500591309685,61022650,2847.1677,0.16123603
1500591309849,61022652,3195.403,4.676
1500591309849,61022652,3116.776,0.0
1500591310722,61022655,2847.3714,0.33536619
1500591311348,61022660,3134.745,7.415
1500591311348,61022660,3117.138,0.0
1500591312883,61022667,3201.295,10.878
1500591312883,61022667,3117.285,0.0
1500591312905,61022668,2860.84,0.0
1500591312905,61022668,2857.14,0.216
1500591314508,61022674,3200.408,28.0
1500591314508,61022674,3117.864,0.0
1500591315965,61022677,3199.278,28.0
1500591315965,61022677,3118.865,0.0
1500591317404,61022679,3133.008,28.0
1500591318546,61022683,3221.319,9.471
1500591318718,61022685,2857.14,0.0
1500591318718,61022685,2852.74,0.216
1500591319347,61022688,2852.74,0.0
1500591319347,61022688,2857.14,0.216
1500591319462,61022690,2865.9553,0.0
1500591319462,61022690,2868.1615,16.48171801
1500591319962,61022691,2845.7185,0.0
1500591320046,61022693,3135.701,0.0
1500591321740,61022699,2849.0141,0.31239682
1500591323700,61022709,2847.0596,0.12057391
1500591325431,61022716,2865.7828,16.48171801
1500591325431,61022716,2868.1615,0.0
1500591328707,61022736,2845.8696,0.0
1500591328814,61022737,2840,0.0
1500591328814,61022737,2839.666,0.0
1500591328814,61022737,2836.3923,0.0
1500591328814,61022737,2841.9994,0.19854826
1500591328814,61022737,2838.114,0.0
1500591328814,61022737,2836.405,0.0
1500591328814,61022737,2841.585,0.0
1500591328814,61022737,2836.6621,0.0
1500591329381,61022740,2865.7828,0.0
1500591329381,61022740,2869.7505,16.48171801
1500591329436,61022741,2841.9994,0.05055034
1500591329934,61022743,2846.1606,0.0
1500591330741,61022746,2846.3269,0.0
1500591331299,61022751,2857.14,0.0
1500591331299,61022751,2852.74,0.216
1500591332008,61022756,2845,0.18702229
1500591332008,61022756,2841.9994,0.0
1500591332008,61022756,2850.8601,29.89062007
1500591332008,61022756,2843.628,0.0
1500591332008,61022756,2848.2007,0.0
1500591332367,61022757,2869.7505,0.0
1500591332367,61022757,2866.7984,16.48171801
1500591332672,61022762,2849.1205,0.93621606
1500591333562,61022768,2859.6923,6.632895
1500591333562,61022768,2857.2452,0.0
1500591334339,61022775,2852.74,0.0
1500591334339,61022775,2859.59,0.216
1500591334905,61022777,2846.5203,0.0
1500591335743,61022779,2846.5711,0.0
1500591336613,61022786,2902.5181,0.0
1500591337078,61022788,2846.7064,0.0
1500591337082,61022790,2923.1216,11.4543
1500591338974,61022798,2848.5131,0.6859073
1500591339998,61022802,2850.8601,0.0
1500591339998,61022802,2853.3032,29.89062007
1500591340235,61022804,2853.2,0.216
1500591340235,61022804,2859.59,0.0
1500591342705,61022814,2846.784,0.0
1500591343665,61022822,2846.8292,0.0
1500591344130,61022824,2880,2.06213267
1500591344828,61022827,2847.0596,0.0
1500591345525,61022831,2852.74,0.216
1500591345525,61022831,2853.2,0.0
1500591345797,61022832,2847.244,0.0
1500591346096,61022833,2852.74,0.216
1500591346825,61022837,2847.1677,0.0
1500591346825,61022838,2852.74,0.216
1500591347457,61022841,2852.74,0.216
1500591348039,61022843,2852.74,0.216
1500591348187,61022846,2845,0.0
1500591348530,61022848,2845.8205,0.04927703
1500591348627,61022849,2845.8205,5.54e-06
1500591348753,61022850,2849.1108,0.88075721
1500591348754,61022851,2852.74,0.216
1500591349133,61022856,2845.8204,0.01
1500591349342,61022858,2852.74,0.0
1500591349342,61022858,2853.2,0.216
1500591350820,61022863,2847.3714,0.0
1500591350820,61022863,2845.8204,0.0
1500591350820,61022863,2847.3875,0.43336581
1500591350820,61022863,2845.8206,0.0
1500591350820,61022863,2845.8205,0.0
1500591352601,61022866,2847.3875,0.40853955
1500591352779,61022871,2852.74,0.216
1500591352779,61022871,2853.2,0.0
1500591353422,61022872,2852.74,0.216
1500591353666,61022873,2847.3875,0.0
1500591353982,61022874,2852.74,0.216
1500591354606,61022877,2852.74,0.216
1500591355212,61022878,2852.74,0.216
1500591355722,61022879,2847.5562,0.0
1500591355790,61022880,2852.74,0.216
1500591356385,61022881,3128.06,9.16
1500591356519,61022883,2852.74,0.216
1500591356818,61022884,2847.8279,0.0
1500591356818,61022885,2847.4234,0.0
1500591356818,61022885,2847.9789,0.57775165
1500591357280,61022886,2852.74,0.216
1500591357788,61022887,2847.9789,0.0
1500591358025,61022889,2852.74,0.216
1500591358852,61022890,2852.74,0.216
1500591359457,61022893,2852.74,0.216
1500591360051,61022895,2852.74,0.216
1500591361087,61022898,2852.74,0.216
1500591361691,61022902,2852.74,0.216
1500591362194,61022904,2847.9987,0.98304305
1500591362206,61022905,2847.9987,0.97243231
1500591362351,61022907,2852.74,0.216
1500591362933,61022908,2848.3495,0.0
1500591363098,61022909,2852.74,0.216
1500591363758,61022911,2852.74,0.216
1500591364402,61022913,2852.74,0.216
1500591364667,61022914,2851.1905,0.85706323
1500591364838,61022915,2847.9987,0.92053622
1500591367719,61022919,2851.6238,0.28802878
1500591369878,61022922,2849.0141,0.0
1500591370677,61022927,2849.1205,0.0
1500591371349,61022928,2873.8108,16.48171801
1500591371349,61022928,2866.7984,0.0
1500591372783,61022930,2852.4478,0.76134813
1500591372785,61022932,2852.74,0.0
1500591373642,61022936,2852.74,0.216
1500591374704,61022944,2853.9966,0.80238301
1500591376832,61022951,2848.5131,0.0
1500591376909,61022952,2847.9987,0.22053942
1500591378554,61022958,2859.6923,0.0
1500591378554,61022958,2862.5623,6.632895
1500591378986,61022959,2849,0.0
1500591378986,61022959,2848.4567,0.0
1500591378986,61022959,2849.9999,0.01782577
1500591378986,61022959,2847.9987,0.0
1500591378986,61022959,2848.4546,0.0
1500591378986,61022959,2849.1108,0.0
1500591378986,61022959,2849.01,0.0
1500591379056,61022960,2852.4848,0.24878395
1500591379441,61022963,2900,9.71390407
1500591380131,61022966,2852.74,0.0
1500591380131,61022966,2852.38,0.216
1500591380967,61022971,2852.437,0.86270541
1500591381056,61022972,2852.38,0.216
1500591381818,61022976,2852.38,0.216
1500591381934,61022978,2860.9422,0.0
1500591381963,61022979,2853.3032,0.0
1500591381963,61022979,2856.1406,29.89062007
1500591382414,61022981,2874.3003,11.4543
1500591382694,61022982,2852.74,0.216
1500591382694,61022982,2852.38,0.0
1500591382715,61022983,2851.8479,0.80969822
1500591382791,61022984,3137.23,14.168
1500591382791,61022984,3119.553,0.0
1500591383556,61022986,3250,0.02482626
1500591384395,61022993,3139.202,12.152
1500591384395,61022993,3120.185,0.0
1500591384666,61022995,2852.694,0.72593188
1500591385364,61022996,2852.74,0.0
1500591385364,61022996,2852.59,0.216
1500591385698,61022997,2868.3941,16.48171801
1500591385698,61022997,2873.8108,0.0
1500591385744,61022999,3121.255,0.0
1500591385744,61022999,3175.3,5.723
1500591387628,61023005,3121.282,0.0
1500591387628,61023005,3200.215,21.383
1500591388881,61023014,2852.7739,0.97455794
1500591389035,61023015,2856.1406,0.0
1500591389035,61023015,2858.3156,29.89062007
1500591389319,61023017,3139.227,13.243
1500591389319,61023017,3121.452,0.0
1500591389608,61023021,2862.5623,0.0
1500591389608,61023021,2866.94,6.632895
1500591390397,61023028,2874.2589,16.48171801
1500591390397,61023028,2868.3941,0.0
1500591390845,61023029,3121.465,0.0
1500591390845,61023029,3141.202,28.0
1500591392248,61023035,3143.377,4.056
1500591392248,61023035,3122.855,0.0
1500591392964,61023039,2858.3156,0.0
1500591392964,61023039,2855.3681,29.89062007
1500591393273,61023040,2885.0226,0.01753192
1500591393275,61023041,2885.0226,0.02814348
1500591394022,61023043,3145.602,7.143
1500591394022,61023043,3123.332,0.0
1500591395807,61023049,3176.787,4.159
1500591395807,61023049,3123.616,0.0
1500591397577,61023054,2866.94,0.0
1500591397577,61023054,2869.0296,6.632895
1500591397668,61023055,2851.1905,0.0
1500591397964,61023056,2850,2.43199062
1500591397964,61023056,2855.3681,0.0
1500591397964,61023056,2861.8224,29.89062007
1500591397964,61023056,2849.9999,0.0
1500591398945,61023057,2852.9071,0.85706323
1500591401677,61023071,2851.6238,0.0
1500591404681,61023087,2851.8479,0.0
1500591406041,61023091,2850,2.36760738
1500591406815,61023097,2854.3576,0.67711258
1500591408997,61023105,2850,2.27290738
1500591409711,61023108,2852.4478,0.0
1500591411161,61023114,2852.437,0.0
1500591412729,61023120,2855.2951,0.39387614
1500591412807,61023121,2867.0069,6.632895
1500591412807,61023121,2869.0296,0.0
1500591413836,61023124,2852.4848,0.0
1500591416835,61023134,2852.694,0.0
1500591418233,61023139,2852.59,0.0
1500591419080,61023142,2852.67,0.216
1500591419939,61023147,2856.36,0.61249328
1500591420971,61023149,2864.1026,29.89062007
1500591420971,61023149,2861.8224,0.0
1500591421992,61023152,2852.7739,0.0
1500591422037,61023154,2850,2.26193515
1500591422734,61023159,2852.67,0.0
1500591422734,61023159,2852.74,0.216
1500591424770,61023172,2854.514,0.29295868
1500591429531,61023192,2867.0069,0.0
1500591429531,61023192,2869.1179,6.632895
1500591432136,61023201,2866.3184,29.89062007
1500591432136,61023201,2864.1026,0.0
1500591433754,61023208,2849.9189,1.31798351
1500591440099,61023226,2866.3184,0.0
1500591440099,61023226,2863.5723,29.89062007
1500591440251,61023230,2853.9966,0.0
1500591443108,61023245,2852.74,0.0
1500591443108,61023245,2856.26,0.216
1500591444359,61023247,2856.26,0.0
1500591444359,61023247,2863.47,0.216
1500591444414,61023249,2852.9071,0.0
1500591445450,61023255,3100,5.24697196
1500591447142,61023266,2849,0.2
1500591447646,61023267,2854.3576,0.0
1500591449892,61023272,2855.2951,0.0
1500591451978,61023274,2856.36,0.0
1500591453172,61023278,2894.175,0.01091736
1500591453706,61023282,2854.514,0.0
1500591453999,61023288,2866.2048,29.89062007
1500591453999,61023288,2863.5723,0.0
1500591454606,61023290,2863.47,0.0
1500591454606,61023290,2866.1,0.216
1500591455667,61023297,2864.5395,0.67009616
1500591456128,61023299,2864.43,0.216
1500591456128,61023299,2866.1,0.0
1500591457979,61023307,2864.1057,0.89530432
1500591457979,61023308,3362.219,4.535
1500591457979,61023308,3308.103,0.0
1500591458053,61023310,3124.964,0.0
1500591458053,61023310,3152.688,15.263
1500591458390,61023312,2849.9189,0.0
1500591458883,61023314,2864,0.466
1500591458883,61023314,2864.43,0.0
1500591459899,61023319,2865.2635,0.75905001
1500591460358,61023321,3197.526,8.426
1500591460358,61023321,3125.374,0.0
1500591461725,61023328,2865.1207,0.87241191
1500591461777,61023330,3205.122,20.209
1500591461777,61023330,3125.861,0.0
1500591462611,61023331,2874.3003,0.0
1500591463028,61023333,2888.3442,11.4543
1500591463122,61023335,3126.659,0.0
1500591463122,61023335,3143.888,4.589
1500591463435,61023339,2949.26,0.28
1500591463706,61023341,2865.9423,0.90775901
1500591465182,61023346,3127.839,0.0
1500591465182,61023346,3141.563,18.092
1500591465924,61023348,2865.0897,0.50680172
1500591466669,61023355,2849,0.64179263
1500591466819,61023357,3128.06,0.0
1500591466819,61023357,3197.964,9.424
1500591466824,61023360,2848.9189,1.31798351
1500591467670,61023363,2864.8262,0.55791795
1500591468307,61023365,3203.926,4.231
1500591468307,61023365,3128.083,0.0
1500591469666,61023371,2864.9465,0.1335867
1500591469987,61023373,3144.913,9.304
1500591469987,61023373,3128.339,0.0
1500591471947,61023379,2864.4914,0.8498612
1500591472141,61023381,3128.595,0.0
1500591472141,61023381,3197.913,28.0
1500591473610,61023387,2949.26,0.0
1500591473627,61023388,3152.218,4.103
1500591473627,61023388,3129.302,0.0
1500591473696,61023389,2866.2686,0.15491667
1500591474637,61023391,2906.37,0.28
1500591474988,61023393,3156.456,11.77
1500591474988,61023393,3129.679,0.0
1500591475998,61023396,2868.2478,29.89062007
1500591475998,61023396,2866.2048,0.0
1500591476377,61023397,3199.101,7.493
1500591476377,61023397,3130.033,0.0
1500591477412,61023403,2850,3.33309548
1500591477669,61023405,2864.1057,0.0
1500591477836,61023406,3153.669,4.764
1500591477836,61023406,3130.469,0.0
1500591478384,61023408,2864,0.25
1500591478384,61023408,2866.16,0.216
1500591479073,61023409,2867.0084,0.81851149
1500591479182,61023411,2868.14,0.216
1500591479182,61023411,2866.16,0.0
1500591480147,61023416,2864.72,0.216
1500591480147,61023416,2868.14,0.0
1500591480180,61023417,3157.368,11.398
1500591480180,61023417,3131.297,0.0
1500591480602,61023421,2872.7596,6.632895
1500591480602,61023421,2869.1179,0.0
1500591480770,61023423,2874.15,0.216
1500591480770,61023423,2864.72,0.0
1500591481446,61023426,2872.65,0.216
1500591481446,61023426,2874.15,0.0
1500591481755,61023432,3154.881,8.168
1500591481755,61023432,3131.774,0.0
1500591482684,61023439,2864.5395,0.0
1500591483184,61023440,3203.339,28.0
1500591483184,61023440,3132.779,0.0
1500591483456,61023441,2864.39,0.216
1500591483456,61023441,2872.65,0.0
1500591483837,61023442,2864.4914,0.0
1500591484355,61023444,2872.65,0.216
1500591484355,61023444,2864.39,0.0
1500591484877,61023446,3200.263,28.0
1500591484877,61023446,3133.008,0.0
1500591485231,61023448,2906.37,0.0
1500591485666,61023451,2867.8212,0.49207184
1500591486625,61023452,3203.763,7.276
1500591486625,61023452,3133.266,0.0
1500591487028,61023453,2874.15,0.216
1500591487028,61023453,2872.65,0.0
1500591487691,61023457,2866.2085,0.1887874
1500591488015,61023461,3133.454,0.0
1500591488015,61023461,3199.709,8.467
1500591488712,61023463,2866.2807,0.1859993
1500591489063,61023464,2872.65,0.216
1500591489063,61023464,2874.15,0.0
1500591489115,61023465,2849,0.0
1500591489115,61023465,2850,2.62620494
1500591489115,61023465,2870.2805,29.89062007
1500591489115,61023465,2848.9189,0.0
1500591489115,61023465,2868.2478,0.0
1500591489447,61023466,3133.93,0.0
1500591489447,61023466,3151.669,4.469
1500591489752,61023467,2870.18,0.216
1500591489752,61023467,2872.65,0.0
1500591491188,61023476,3201.813,7.679
1500591491188,61023476,3134.745,0.0
1500591492669,61023483,2865.1207,0.0
1500591492767,61023484,3135.345,0.0
1500591492767,61023484,3202.489,26.852
1500591493209,61023488,3715.7,0.28
1500591493780,61023494,2865.0897,0.0
1500591494064,61023497,3200.909,10.308
1500591494064,61023497,3135.632,0.0
1500591494493,61023498,2879.7584,16.48171801
1500591494493,61023498,2874.2589,0.0
1500591494680,61023501,2864.8262,0.0
1500591496640,61023505,2872.7596,0.0
1500591496640,61023505,2875.1698,6.632895
1500591496663,61023507,2864.9465,0.0
1500591497385,61023510,2872.4864,29.89062007
1500591497385,61023510,2870.2805,0.0
1500591497776,61023517,2923.1216,0.0
1500591497776,61023518,2866.8286,0.14749485
1500591498073,61023521,2870.18,0.0
1500591498073,61023521,2872.38,0.216
1500591498182,61023522,2947.8292,11.4543
1500591499411,61023528,2879.7584,0.0
1500591499411,61023528,2876.7264,16.48171801
1500591499666,61023529,2867.8512,0.15336736
1500591499963,61023533,2872.4864,0.0
1500591499963,61023533,2874.503,29.89062007
1500591500803,61023537,3715.7,0.0
1500591500941,61023538,2866.9757,0.10449881
1500591503360,61023546,2879.7584,16.48171801
1500591503360,61023546,2876.7264,0.0
1500591503848,61023547,2865.2635,0.0
1500591504584,61023552,2877.5917,6.632895
1500591504584,61023552,2875.1698,0.0
1500591505695,61023554,2867.5681,0.43442613
1500591506418,61023555,3617.8,0.28
1500591507638,61023558,2872.38,0.0
1500591508593,61023570,2874.4,0.216
1500591509372,61023576,2879.7584,0.0
1500591509372,61023576,2876.8676,16.48171801
1500591509653,61023577,3135.944,0.0
1500591509653,61023577,3158.579,4.122
1500591509711,61023579,2865.9423,0.0
1500591511682,61023583,2867.4393,0.89771652
1500591513208,61023591,2867.75,0.216
1500591513208,61023591,2874.4,0.0
1500591513331,61023592,2876.8676,0.0
1500591513331,61023592,2879.4762,16.48171801
1500591513861,61023595,2866.72,0.216
1500591513861,61023595,2867.75,0.0
1500591514760,61023597,2866.2085,0.0
1500591515454,61023599,3617.8,0.0
1500591515714,61023601,2866.2686,0.0
1500591516183,61023602,2874.4,0.216
1500591516183,61023602,2866.72,0.0
1500591516845,61023606,2866.2807,0.0
1500591517353,61023607,2876.8954,16.48171801
1500591517353,61023607,2879.4762,0.0
1500591517531,61023608,2879.6246,6.632895
1500591517531,61023608,2877.5917,0.0
1500591518584,61023615,2850,2.53800494
1500591518793,61023616,2869.2515,0.5366205
1500591519086,61023619,2869.15,0.216
1500591519086,61023619,2874.4,0.0
1500591519094,61023620,2849.9999,0.0919981
1500591520987,61023625,2868.8608,0.62143242
1500591521393,61023626,2888.3442,0.0
1500591521476,61023627,2880.3921,16.48171801
1500591521476,61023627,2876.8954,0.0
1500591521886,61023629,2901.9173,11.4543
1500591523125,61023630,2870.0256,0.56794554
1500591523813,61023634,3158.375,14.168
1500591523813,61023634,3137.23,0.0
1500591524450,61023635,3353.676,2.0
1500591524450,61023635,3311.218,0.0
1500591524522,61023636,2854.08,0.25
1500591524724,61023637,2868.2934,0.74926442
1500591525163,61023638,3158.555,5.593
1500591525163,61023638,3138.09,0.0
1500591526403,61023647,2869.15,0.0
1500591526573,61023648,3139.202,0.0
1500591526573,61023648,3209.114,12.152
1500591526861,61023649,2867.3104,0.62611371
1500591527637,61023650,2868.19,0.246
1500591527666,61023652,2867.9559,0.15824208
1500591528006,61023656,3158.943,13.243
1500591528006,61023656,3139.227,0.0
1500591529320,61023668,3204.426,2.958
1500591529320,61023668,3140.897,0.0
1500591529998,61023670,2867.9957,29.89062007
1500591529998,61023670,2874.503,0.0
1500591530666,61023673,2870.0256,0.0
1500591530703,61023674,3141.202,0.0
1500591530703,61023674,3210.552,28.0
1500591531978,61023678,2868.76,0.246
1500591531978,61023678,2868.19,0.0
1500591532399,61023681,3158.486,0.0
1500591532627,61023682,2850,0.97312174
1500591532627,61023682,2849.9999,0.0
1500591533043,61023684,2867.6835,0.50947922
1500591533357,61023688,2867.9957,0.0
1500591533357,61023688,2874.2971,29.89062007
1500591533618,61023689,2868.76,0.0
1500591533618,61023689,2874.19,0.246
1500591534334,61023692,2868.76,0.246
1500591534334,61023692,2874.19,0.0
1500591536841,61023705,2869.2515,0.0
1500591537759,61023711,2868.8608,0.0
1500591538334,61023713,2868.76,0.0
1500591538334,61023713,2874.19,0.246
1500591539801,61023724,2865.927,0.61312699
1500591540050,61023726,2867.21,0.246
1500591540050,61023726,2874.19,0.0
1500591540645,61023727,2867.21,0.246
1500591541512,61023730,2867.21,0.246
1500591541857,61023732,2868.168,0.47218058
1500591542203,61023733,2867.21,0.246
1500591542790,61023737,2867.21,0.246
1500591543411,61023742,2867.21,0.246
1500591543602,61023744,2879.6246,0.0
1500591543602,61023744,2875.3509,6.632895
1500591543997,61023746,2867.21,0.246
1500591544464,61023750,3159.352,18.092
1500591544464,61023750,3141.563,0.0
1500591544654,61023751,2867.21,0.246
1500591545436,61023754,2867.21,0.246
1500591546119,61023757,2867.21,0.246
1500591546339,61023758,3159.352,0.0
1500591546851,61023761,2867.21,0.246
1500591547235,61023762,2870.3427,29.89062007
1500591547235,61023762,2874.2971,0.0
1500591547526,61023765,2867.21,0.246
1500591548156,61023767,2867.21,0.246
1500591548709,61023770,2865.927,0.0
1500591548953,61023772,2867.21,0.246
1500591549548,61023778,2867.21,0.246
1500591549758,61023779,2866.9317,0.17379525
1500591550147,61023781,2867.21,0.246
1500591550843,61023782,2867.4635,0.3483004
1500591551053,61023783,2867.21,0.246
1500591551823,61023786,2867.7065,0.22224301
1500591551951,61023787,2866.72,0.246
1500591551951,61023787,2867.21,0.0
1500591552168,61023788,2873.6867,29.89062007
1500591552168,61023788,2870.3427,0.0
1500591555363,61023807,2873.58,0.246
1500591555363,61023807,2866.72,0.0
1500591555531,61023810,2875.3509,0.0
1500591555531,61023810,2878.5409,6.632895
1500591555980,61023812,2873.6867,0.0
1500591555980,61023812,2870.363,29.89062007
1500591556024,61023814,2873.58,0.0
1500591556024,61023814,2866.72,0.246
1500591558330,61023826,2884.6721,16.48171801
1500591558330,61023826,2880.3921,0.0
1500591558399,61023827,3142.348,0.0
1500591558399,61023827,3159.02,13.299
1500591558880,61023828,2878.5409,0.0
1500591558880,61023828,2874.9459,6.632895
1500591559665,61023835,2867.0084,0.0
1500591559837,61023836,3142.673,0.0
1500591559837,61023836,3208.62,17.533
1500591561108,61023840,2866.8286,0.0
1500591561489,61023842,2866.83,0.246
1500591561489,61023842,2866.72,0.0
1500591561926,61023843,2866.9757,0.0
1500591562076,61023846,2873.6969,29.89062007
1500591562076,61023846,2870.363,0.0
1500591562114,61023847,3142.772,0.0
1500591562114,61023847,3165.595,28.0
1500591562230,61023848,2866.83,0.0
1500591562230,61023848,2874.84,0.246
1500591562705,61023850,2867.5681,0.0
1500591562853,61023851,2873.59,0.246
1500591562853,61023851,2874.84,0.0
1500591563476,61023856,3214.72,4.475
1500591563476,61023856,3143.377,0.0
1500591563703,61023858,2867.4393,0.0
1500591564571,61023860,2880.5788,6.632895
1500591564571,61023860,2874.9459,0.0
1500591564780,61023863,2867.3104,0.0
1500591564821,61023864,3215.357,5.008
1500591564821,61023864,3143.888,0.0
1500591565698,61023867,2866.9317,0.0
1500591566242,61023871,3144.913,0.0
1500591566242,61023871,3163.282,9.723
1500591566667,61023875,2867.4635,0.0
1500591567596,61023877,3212.532,7.562
1500591567596,61023877,3145.602,0.0
1500591568766,61023883,2870.4469,0.26614109
1500591569438,61023885,3147.395,0.0
1500591569438,61023885,3210.919,7.494
1500591569438,61023886,2870.34,0.246
1500591569438,61023886,2873.59,0.0
1500591570813,61023893,2870.0922,0.25074098
1500591571099,61023895,3206.582,28.0
1500591571099,61023895,3147.723,0.0
1500591571155,61023896,2873.59,0.246
1500591571155,61023896,2870.34,0.0
1500591571796,61023900,2869.99,0.246
1500591571796,61023900,2873.59,0.0
1500591572491,61023903,3149.061,0.0
1500591572491,61023903,3165.244,5.915
1500591572697,61023904,2870.77,0.58883321
1500591573053,61023906,3883.75,0.28
1500591574402,61023911,3167.182,14.552
1500591575795,61023914,3296.952,3.638
1500591578255,61023922,2850,0.0
1500591578857,61023924,2850.5265,0.0
1500591579313,61023925,2869.99,0.0
1500591579477,61023927,2851.7789,0.0
1500591579666,61023928,2867.8212,0.0
1500591580701,61023936,2867.8512,0.0
1500591581747,61023937,2868.2934,0.0
1500591582629,61023940,2851.9999,0.0
1500591582706,61023941,2867.9559,0.0
1500591583340,61023943,2852.5555,0.0
1500591583702,61023944,2867.6835,0.0
1500591584829,61023945,2868.168,0.0
1500591585763,61023946,2867.7065,0.0
1500591588178,61023955,2869.99,0.246
1500591588973,61023961,2873.6969,0.0
1500591588973,61023961,2876.1959,29.89062007
1500591591029,61023971,3312.234,0.0
1500591591029,61023971,3370.344,2.0
1500591604360,61023996,2854.9999,0.01
1500591604380,61023997,2854.9999,0.0
1500591605028,61023999,2855,0.0
1500591605028,61023999,2856.1,0.01
1500591611555,61024010,2856.0999,0.04872381
1500591611586,61024011,2859.9999,0.05056756
1500591612030,61024012,3883.75,0.0
1500591618314,61024019,2860,0.0
1500591618314,61024019,2863,1.86617185
1500591618314,61024019,2856.1,0.0
1500591618314,61024019,2859.9999,0.0
1500591618314,61024019,2856.0999,0.0
1500591618951,61024021,2863,0.52753057
1500591619034,61024023,2876.1864,0.03474
1500591619112,61024024,2876.1864,0.0
1500591621640,61024031,2876.1919,0.20495
1500591621717,61024032,2923.42,0.28
1500591621830,61024035,2862.9999,0.02499568
1500591621850,61024036,2863,0.0
1500591621850,61024036,2864,0.0
1500591621850,61024036,2865,0.36935607
1500591621850,61024036,2862.9999,0.0
1500591622034,61024037,2876.1919,0.0
1500591622142,61024039,2876.1852,1.0
1500591622266,61024041,2869.99,0.0
1500591622330,61024043,2895.747,17.58008027
1500591622330,61024043,2884.6721,0.0
1500591623012,61024047,2869.99,0.246
1500591623620,61024053,2869.99,0.246
1500591624423,61024054,2869.99,0.246
1500591625113,61024060,2869.99,0.246
1500591625711,61024062,2869.99,0.246
1500591626456,61024063,2869.99,0.246
1500591627158,61024067,2869.99,0.246
1500591627532,61024069,2880.5788,0.0
1500591627532,61024069,2886.0183,6.64768854
1500591627768,61024070,2869.99,0.246
1500591628362,61024072,2869.99,0.246
1500591628985,61024074,2869.99,0.246
1500591629613,61024076,2869.99,0.246
1500591630195,61024077,2869.99,0.246
1500591630361,61024078,2876.1852,0.0
1500591630424,61024079,2876.1857,0.55158
1500591630583,61024080,2876.1857,0.0
1500591630692,61024081,2876.1921,0.2364
1500591630774,61024082,2876.1921,0.0
1500591630837,61024083,2876.1864,0.21065
1500591630975,61024085,2869.99,0.246
1500591631180,61024087,2876.1864,0.0
1500591631677,61024090,2870.34,0.246
1500591631677,61024090,2869.99,0.0
1500591632412,61024095,2888.7238,17.58008027
1500591632412,61024095,2895.747,0.0
1500591633596,61024103,2886.0183,0.0
1500591633596,61024103,2889.4699,6.64768854
1500591634625,61024108,2876.09,0.246
1500591634625,61024108,2870.34,0.0
1500591634794,61024110,2876.0835,0.0509
1500591635222,61024112,2898.3182,0.24909664
1500591635323,61024113,2875.98,0.246
1500591635323,61024113,2876.09,0.0
1500591635382,61024115,2876.0835,0.0
1500591636215,61024118,2875.98,0.0
1500591636215,61024118,2876.09,0.246
1500591636215,61024119,2878.6426,29.89062007
1500591636215,61024119,2876.1959,0.0
1500591636650,61024122,2889.4699,0.0
1500591636650,61024122,2886.57,6.64768854
1500591637267,61024125,2878.6396,0.13385
1500591637341,61024127,2877.75,0.246
1500591637341,61024127,2876.09,0.0
1500591637397,61024129,2923.42,0.0
1500591637599,61024130,2878.6396,0.0
1500591638071,61024134,3895.86,0.28
1500591641233,61024143,2878.6426,0.0
1500591641233,61024143,2874.2791,29.89062007
1500591642058,61024150,2877.75,0.0
1500591642058,61024150,2874.17,0.246
1500591643185,61024153,2873.8232,0.19721404
1500591643425,61024154,2873.72,0.246
1500591643425,61024154,2874.17,0.0
1500591644723,61024163,2865,0.26935607
1500591644723,61024164,2891.4854,6.64768854
1500591644723,61024164,2886.57,0.0
1500591644961,61024165,2875.005,0.46225008
1500591647663,61024179,2873.7117,0.73743
1500591648229,61024181,2875.7691,0.32283205
1500591648322,61024183,2873.72,0.0
1500591648322,61024183,2873.61,0.246
1500591648402,61024184,2873.6009,0.082
1500591648909,61024186,2873.5994,0.02322
1500591648944,61024187,2873.5,0.246
1500591648944,61024187,2873.61,0.0
1500591649071,61024189,2873.4946,0.0201
1500591649468,61024192,2873.4976,0.13725
1500591649661,61024193,2873.39,0.246
1500591649661,61024193,2873.5,0.0
1500591650319,61024195,2874.397,0.44182011
1500591650463,61024198,2888.7238,0.0
1500591650463,61024198,2897.9802,17.58008027
1500591651215,61024203,2873.0993,9.06577709
1500591651471,61024205,2872.99,0.246
1500591651471,61024205,2873.39,0.0
1500591652396,61024208,2876.1474,0.96987945
1500591654367,61024210,2874.8898,0.75431836
1500591654594,61024212,2873.7117,0.0
1500591654769,61024216,2872.9879,0.08875
1500591655147,61024219,2873.4976,0.0
1500591655177,61024220,2872.88,0.246
1500591655177,61024220,2872.99,0.0
1500591655297,61024221,2872.9789,0.08611
1500591655833,61024224,2872.8759,0.69982
1500591656469,61024225,2875.5301,0.37381473
1500591656675,61024229,2872.88,0.0
1500591656675,61024229,2872.77,0.246
1500591657610,61024233,2891.4854,0.0
1500591657610,61024233,2893.7067,6.64768854
1500591657611,61024234,2873.8232,0.0
1500591658235,61024235,2876.9842,29.89062007
1500591658235,61024235,2874.2791,0.0
1500591658407,61024237,2873.6009,0.0
1500591658610,61024238,2872.7607,0.082
1500591659299,61024242,2873.5994,0.0
1500591659530,61024245,2872.77,0.0
1500591659530,61024245,2872.66,0.246
1500591659612,61024246,2873.4946,0.0
1500591659827,61024247,2876.8299,0.48858404
1500591659861,61024249,2872.7679,0.02322
1500591659929,61024250,2872.6572,0.0201
1500591660269,61024251,2872.55,0.246
1500591660269,61024251,2872.66,0.0
1500591661769,61024262,2877.4244,0.44250825
1500591662636,61024268,3169.223,4.565
1500591662636,61024268,3151.669,0.0
1500591662705,61024269,2874.397,0.0
1500591663667,61024274,2876.0079,9.06577709
1500591663667,61024274,2873.0993,0.0
1500591664121,61024276,3223.152,25.639
1500591664121,61024276,3151.763,0.0
1500591664808,61024278,2876.0168,0.46328548
1500591665012,61024281,2872.9879,0.0
1500591665671,61024285,2872.9789,0.0
1500591665814,61024287,2872.8759,0.0
1500591665916,61024288,2875.7628,0.18534
1500591666016,61024289,3214.739,4.199
1500591666016,61024289,3152.218,0.0
1500591666666,61024290,2875.005,0.0
1500591666871,61024292,2872.7607,0.0
1500591667171,61024294,2872.7679,0.0
1500591667401,61024296,2872.6572,0.0
1500591667470,61024298,3201.793,15.359
1500591667470,61024298,3152.688,0.0
1500591667503,61024300,2875.7628,0.0
1500591667746,61024303,2874.8898,0.0
1500591667747,61024304,2876.0079,0.0
1500591667747,61024304,2873.1069,9.06577709
1500591668294,61024305,2873,0.246
1500591668294,61024305,2872.55,0.0
1500591669536,61024310,3200.281,4.86
1500591669536,61024310,3153.669,0.0
1500591669783,61024311,2873.1069,0.0
1500591669783,61024311,2876.3101,9.06577709
1500591669818,61024313,2876.7069,0.62042755
1500591670336,61024315,2873,0.0
1500591670336,61024315,2875.43,0.246
1500591670950,61024318,2876.3043,0.06234
1500591671323,61024321,3201.813,0.0
1500591671747,61024325,2876.3043,0.0
1500591671832,61024326,2876.2991,0.0282
1500591672813,61024332,2877.0052,0.65344477
1500591673024,61024335,2876.3031,0.08977
1500591673104,61024336,2876.2991,0.0
1500591674586,61024343,2893.7067,0.0
1500591674586,61024343,2891.1651,6.64768854
1500591674720,61024346,2875.7691,0.0
1500591675868,61024347,2875.5301,0.0
1500591676284,61024351,2875.43,0.0
1500591676284,61024351,2875.91,0.246
1500591676693,61024354,2875.9046,0.03842
1500591677238,61024357,2876.3031,0.0
1500591677475,61024358,2875.907,0.08954
1500591677723,61024360,2875.91,0.0
1500591677723,61024360,2875.8,0.246
1500591677852,61024361,2875.7972,0.10041
1500591678347,61024362,2875.8,0.0
1500591678347,61024362,2875.69,0.246
1500591679269,61024368,2875.6823,0.04195
1500591679790,61024371,2875.69,0.0
1500591679790,61024371,2875.58,0.246
1500591681154,61024374,2875.5699,0.02212
1500591681712,61024376,2875.58,0.0
1500591681712,61024376,2875.46,0.246
1500591682199,61024378,2875.5699,0.0
1500591682287,61024379,2875.4557,0.21796
1500591682438,61024380,2875.46,0.0
1500591682438,61024380,2875.58,0.246
1500591682876,61024381,2865,0.14163002
1500591682983,61024382,2875.5712,0.12996
1500591683000,61024383,2875.58,0.0
1500591683000,61024383,2875.35,0.246
1500591683095,61024384,2875.6823,0.0
1500591683446,61024385,3153.858,0.0
1500591683446,61024385,3168.446,7.641
1500591683539,61024387,2875.4557,0.0
1500591683769,61024391,2876.301,0.52487
1500591683795,61024392,2875.35,0.0
1500591683795,61024392,2875.47,0.246
1500591683901,61024393,2875.5712,0.0
1500591683969,61024394,2875.4664,0.10974
1500591684437,61024395,2875.36,0.246
1500591684437,61024395,2875.47,0.0
1500591684990,61024398,2869.9999,0.01
1500591685002,61024399,2894.2546,17.58008027
1500591685002,61024399,2897.9802,0.0
1500591685190,61024400,2875.9046,0.0
1500591685521,61024406,2875.907,0.0
1500591685685,61024407,3895.86,0.0
1500591685685,61024408,2875.7972,0.0
1500591685749,61024410,2876.301,0.0
1500591685819,61024411,2875.4664,0.0
1500591685884,61024412,2876.3014,0.16709
1500591686077,61024413,3154.881,0.0
1500591686077,61024413,3215.634,8.212
1500591686384,61024415,2875.36,0.0
1500591686384,61024415,2875.91,0.246
1500591686496,61024418,2932.98,0.28
1500591686559,61024420,2876.2985,0.83291
1500591687144,61024422,2876.2985,0.0
1500591687243,61024423,2875.899,0.65603
1500591687553,61024424,3162.842,6.294
1500591687624,61024426,2875.91,0.0
1500591687624,61024426,2875.79,0.246
1500591687630,61024427,2875.899,0.0
1500591687757,61024428,2875.7872,0.05534
1500591688259,61024429,2875.68,0.246
1500591688259,61024429,2875.79,0.0
1500591688390,61024432,2875.7872,0.0
1500591688581,61024433,2875.6713,0.57281
1500591688965,61024436,2875.68,0.0
1500591688965,61024436,2875.57,0.246
1500591689103,61024437,2875.5622,0.2601
1500591689544,61024439,2875.57,0.0
1500591689544,61024439,2875.46,0.246
1500591691650,61024446,2869.9999,0.10699792
1500591693565,61024450,2894.0842,6.64768854
1500591693565,61024450,2891.1651,0.0
1500591695992,61024455,2876.3014,0.0
1500591696280,61024457,2875.4492,0.16709
1500591696330,61024458,2897.6279,17.58008027
1500591696330,61024458,2894.2546,0.0
1500591697060,61024459,2869.9899,0.02
1500591699098,61024465,2875.46,0.0
1500591699866,61024468,2875.34,0.262
1500591700930,61024474,2869.9899,0.0
1500591703055,61024484,2869.9899,0.02
1500591703055,61024485,2882.7673,29.89062007
1500591703055,61024485,2876.9842,0.0
1500591703701,61024487,2891.6799,6.64768854
1500591703701,61024487,2894.0842,0.0
1500591706266,61024492,2869.9899,0.0
1500591707887,61024494,2875.6713,0.0
1500591708104,61024495,2875.5622,0.0
1500591709034,61024497,2869.9899,0.02
1500591709923,61024499,2875.4492,0.0
1500591710328,61024500,2875.91,0.262
1500591710328,61024500,2875.34,0.0
1500591713269,61024507,2869.9899,0.0
1500591713420,61024509,2875.899,0.15159
1500591713623,61024511,2875.899,0.0
1500591713724,61024512,2875.91,0.0
1500591713724,61024512,2875.79,0.262
1500591714407,61024514,2894.5406,17.58008027
1500591714407,61024514,2897.6279,0.0
1500591714408,61024515,2875.91,0.262
1500591714408,61024515,2875.79,0.0
1500591715416,61024519,2869.9899,0.02
1500591715416,61024520,2882.7673,0.0
1500591715416,61024520,2879.4434,29.89062007
1500591718405,61024523,2869.9898,0.04867375
1500591718589,61024525,2869.9998,0.20105639
1500591718589,61024525,2869.9999,0.01
1500591718740,61024526,2875.8986,0.22814
1500591719142,61024527,2875.91,0.0
1500591719142,61024527,2875.79,0.262
1500591722132,61024530,2875.8986,0.0
1500591722320,61024532,2875.7865,0.15521
1500591722402,61024533,2875.7865,0.0
1500591722449,61024534,2875.91,0.262
1500591722449,61024534,2875.79,0.0
1500591722470,61024535,2875.7849,0.11466
1500591723004,61024536,2882.5364,29.89062007
1500591723004,61024536,2879.4434,0.0
1500591723029,61024537,2875.91,0.0
1500591723029,61024537,2875.68,0.262
1500591723548,61024539,3000,8.24377602
1500591724988,61024548,2891.0666,17.58008027
1500591724988,61024548,2894.5406,0.0
1500591724990,61024549,2875.7849,0.0
1500591726091,61024552,3156.456,0.0
1500591726091,61024552,3172.378,11.93
1500591726620,61024553,2882.3444,0.78641975
1500591726862,61024554,2869.9999,0.47344655
1500591727145,61024555,2882.5364,0.0
1500591727145,61024555,2880.4742,29.89062007
1500591728274,61024557,3157.368,0.0
1500591728274,61024557,3222.897,11.558
1500591730247,61024558,3158.375,0.0
1500591730247,61024558,3221.285,14.328
1500591731674,61024560,3221.319,0.0
1500591732057,61024561,2880.4742,0.0
1500591732057,61024561,2882.5375,29.89062007
1500591732094,61024562,2875.68,0.0
1500591732383,61024564,2870.16,0.25
1500591733091,61024565,2875.91,0.269
1500591733386,61024566,2891.0666,0.0
1500591733386,61024566,2896.4851,17.58008027
1500591734516,61024573,2876.3101,0.0
1500591734617,61024574,2891.6799,0.0
1500591734617,61024574,2894.9571,6.64768854
1500591735274,61024576,2869.9899,0.0
1500591735520,61024577,2869.9798,0.02
1500591735579,61024578,2869.9898,0.0
1500591735579,61024578,2869.9797,0.04867375
1500591736138,61024579,2869.9999,0.01
1500591736247,61024580,2869.9798,0.0
1500591736319,61024581,2879.9999,0.46344655
1500591737147,61024585,2882.5375,0.0
1500591737147,61024585,2880.4775,29.89062007
1500591737363,61024586,2891.0883,17.58008027
1500591737363,61024586,2896.4851,0.0
1500591737538,61024587,2891.0393,6.64768854
1500591737538,61024587,2894.9571,0.0
1500591737538,61024588,2869.9797,0.0
1500591737538,61024588,2869.9997,0.04867375
1500591739134,61024592,2880.7412,0.69993144
1500591739851,61024596,2882.3444,0.0
1500591740859,61024599,2886.2827,6.64768854
1500591740859,61024599,2891.0393,0.0
1500591741384,61024602,2891.0883,0.0
1500591741384,61024602,2896.3622,17.58008027
1500591741534,61024603,2869.9996,0.04
1500591741566,61024604,2869.9996,0.24105639
1500591741566,61024604,2869.9998,0.0
1500591741666,61024605,2872.2691,9.06577709
1500591741667,61024606,2876.9829,0.3715038
1500591742581,61024609,2869.9995,0.04867375
1500591742581,61024609,2869.9997,0.0
1500591742614,61024610,2869.9995,0.24973014
1500591742614,61024610,2869.9996,0.04
1500591743150,61024613,2882.6177,29.89062007
1500591743150,61024613,2880.4775,0.0
1500591743642,61024616,2879.9999,0.0
1500591743666,61024617,2880.7412,0.0
1500591743767,61024618,3175.898,5.723
1500591743767,61024618,3158.555,0.0
1500591743827,61024620,2869.9999,0.47344655
1500591744565,61024623,2890.5204,6.64768854
1500591744565,61024623,2886.2827,0.0
1500591745101,61024625,2869.9895,0.02
1500591745524,61024627,2869.9894,0.04867375
1500591745524,61024627,2869.9995,0.20105639
1500591745844,61024628,2876.8485,0.83186448
1500591745851,61024629,3163.721,7.658
1500591745854,61024630,2869.9894,0.483566
1500591745933,61024631,2869.9893,0.20105639
1500591745933,61024631,2869.9995,0.0
1500591746370,61024633,2869.9777,1.0
1500591746402,61024634,2869.9776,0.20105639
1500591746402,61024634,2869.9893,0.0
1500591747498,61024637,2869.9775,0.04867375
1500591747498,61024637,2869.9894,0.43489225
1500591747775,61024638,2872.2691,0.0
1500591747775,61024638,2880.086,9.06577709
1500591748239,61024640,2869.9895,0.0
1500591749705,61024642,2876.9829,0.0
1500591749894,61024643,2875.91,0.0
1500591750329,61024644,2896.3622,0.0
1500591750329,61024644,2891.1438,17.58008027
1500591750457,61024645,2869.9999,0.01
1500591750569,61024646,2869.9774,0.07639558
1500591750602,61024647,2869.9776,0.0
1500591750602,61024647,2869.9773,0.19323458
1500591750660,61024648,2879.9999,0.46344655
1500591750998,61024650,2869.9673,0.02
1500591751480,61024651,2869.9672,0.04867375
1500591751480,61024651,2869.9775,0.0
1500591753538,61024653,2869.9996,0.0
1500591753776,61024655,2876.8485,0.0
1500591754113,61024656,2869.9673,0.0
1500591754163,61024657,2998.98,0.0
1500591754529,61024658,2869.9672,0.0
1500591754529,61024658,2869.9772,0.04867375
1500591754596,61024659,2869.9671,0.04
1500591754630,61024662,2869.9773,0.0
1500591754630,61024662,2869.9771,0.19323458
1500591755601,61024666,2890.5204,0.0
1500591755601,61024666,2885.0619,6.64768854
1500591755795,61024668,2883.6113,0.21671069
1500591755967,61024670,2880.4467,29.89062007
1500591755967,61024670,2882.6177,0.0
1500591756404,61024671,2869.9772,0.0
1500591756404,61024671,2869.967,0.04867375
1500591756438,61024672,2869.9771,0.0
1500591756438,61024672,2869.967,0.24190833
1500591757044,61024674,2998.9799,0.0
1500591757059,61024675,2869.9777,0.0
1500591757061,61024676,2872.2691,9.06577709
1500591757061,61024676,2880.086,0.0
1500591757122,61024677,2869.957,0.02
1500591757349,61024680,2869.9472,1.0
1500591757380,61024681,2869.9471,0.19323458
1500591757380,61024681,2869.967,0.04867375
1500591757708,61024682,2882.9083,0.96732372
1500591757714,61024683,2879.9999,0.0
1500591757884,61024684,2869.9999,0.47344655
1500591758448,61024685,2998.9999,0.44413877
1500591758615,61024687,2869.947,0.04867375
1500591758615,61024687,2869.967,0.0
1500591759370,61024689,2891.1438,0.0
1500591759370,61024689,2894.1075,17.58008027
1500591759370,61024690,3190.612,4.42
1500591759370,61024690,3158.579,0.0
1500591759974,61024693,2880.4467,0.0
1500591759974,61024693,2882.6177,29.89062007
1500591760079,61024695,2869.957,0.0
1500591760936,61024699,2872.2691,0.0
1500591760936,61024699,2880.086,9.06577709
1500591761819,61024700,2885.0619,0.0
1500591761819,61024700,2893.9301,6.64768854
1500591762013,61024701,3158.877,0.0
1500591762013,61024701,3207.044,7.952
1500591762269,61024702,2869.9999,0.01
1500591762476,61024703,2869.95,0.61261933
1500591762558,61024704,2879.9999,0.46344655
1500591762970,61024708,2869.937,0.02
1500591763517,61024710,2869.9369,0.04867375
1500591763517,61024710,2869.947,0.0
1500591763635,61024712,3158.943,0.0
1500591763635,61024712,3223.282,13.541
1500591764024,61024715,2880.4467,29.89062007
1500591764024,61024715,2882.6177,0.0
1500591765461,61024718,2891.4587,17.58008027
1500591765461,61024718,2894.1075,0.0
1500591765528,61024719,3231.97,13.597
1500591765528,61024719,3159.02,0.0
1500591765668,61024722,2873.5587,9.06577709
1500591765668,61024722,2880.086,0.0
1500591766057,61024724,2869.937,0.0
1500591766183,61024725,2869.9671,0.0
1500591766558,61024726,2869.947,0.04867375
1500591766558,61024726,2869.9369,0.0
1500591766570,61024727,2893.9301,0.0
1500591766570,61024727,2885.6564,6.64768854
1500591766866,61024728,2879.9999,0.0
1500591767037,61024729,3159.277,0.0
1500591767037,61024729,3228.432,21.424
1500591767041,61024730,2869.9999,0.47344655
1500591767153,61024731,2869.9368,0.04
1500591767187,61024732,2869.9469,0.19323458
1500591767187,61024732,2869.9471,0.0
1500591767449,61024733,2879.89,0.269
1500591767550,61024734,2869.9472,0.0
1500591767937,61024735,2869.9272,1.0
1500591767941,61024736,2883.6113,0.0
1500591767976,61024738,2869.9469,0.0
1500591767976,61024738,2869.9271,0.19323458
1500591768015,61024739,2880.34,0.269
1500591768015,61024739,2879.89,0.0
1500591768602,61024741,2869.927,0.04867375
1500591768602,61024741,2869.947,0.0
1500591769115,61024744,3223.282,0.0
1500591769307,61024745,2869.917,0.02
1500591769532,61024746,2894.1445,17.58008027
1500591769532,61024746,2891.4587,0.0
1500591769733,61024747,2881.427,0.26330942
1500591769734,61024748,2875.3255,9.06577709
1500591769734,61024748,2873.5587,0.0
1500591770516,61024752,2869.9169,0.04867375
1500591770516,61024752,2869.927,0.0
1500591770928,61024754,2882.9083,0.0
1500591772257,61024755,2869.917,0.0
1500591772506,61024756,2869.927,0.04867375
1500591772506,61024756,2869.9169,0.0
1500591772710,61024757,2881.0373,0.44649652
1500591774861,61024766,2887.8546,6.64768854
1500591774861,61024766,2885.6564,0.0
1500591774861,61024767,2875.3255,0.0
1500591774861,61024767,2880.086,9.06577709
1500591775090,61024768,2869.917,0.02
1500591775097,61024770,2880.4467,0.0
1500591775097,61024770,2882.6177,29.89062007
1500591775415,61024772,2894.1445,0.0
1500591775415,61024772,2890.561,17.58008027
1500591775547,61024774,2869.9169,0.04867375
1500591775547,61024774,2869.927,0.0
1500591775797,61024775,2881.6454,0.43357071
1500591776148,61024776,2869.9272,0.91415462
1500591776148,61024776,2869.9169,0.0
1500591776148,61024776,2869.9271,0.0
1500591776148,61024776,2869.917,0.0
1500591776262,61024779,2869.9999,0.01
1500591776293,61024780,2869.9271,0.19323458
1500591776555,61024782,2879.9999,0.46344655
1500591777717,61024791,2869.9272,0.0
1500591777973,61024794,2869.917,0.91415
1500591778026,61024796,2869.9169,0.19323458
1500591778026,61024796,2869.9271,0.0
1500591778629,61024801,2887.8546,0.0
1500591778629,61024801,2884.4797,6.64768854
1500591778910,61024803,2869.9368,0.0
1500591779452,61024804,3028.98,0.5
1500591779916,61024809,2871.8643,9.06577709
1500591779916,61024809,2880.086,0.0
1500591779991,61024811,2869.927,0.04
1500591780443,61024815,3130.9999,0.98356074
1500591781049,61024821,2879.2273,29.89062007
1500591781049,61024821,2882.6177,0.0
1500591781187,61024823,2880.34,0.0
1500591781187,61024823,2879.89,0.269
1500591781192,61024824,3159.858,0.0
1500591781192,61024824,3194.556,7.823
1500591782256,61024834,2879.12,0.269
1500591782256,61024834,2879.89,0.0
1500591782284,61024835,2879.9999,0.0
1500591782449,61024836,2869.9999,0.47344655
1500591782636,61024838,3183.05,28.0
1500591782636,61024838,3159.926,0.0
1500591782665,61024839,2879.3995,0.33465588
1500591782680,61024840,2879.4878,9.06577709
1500591782680,61024840,2871.8643,0.0
1500591782841,61024842,2869.95,0.0
1500591784121,61024854,2882.019,29.89062007
1500591784121,61024854,2879.2273,0.0
1500591784191,61024855,3161.455,0.0
1500591784191,61024855,3202.891,22.426
1500591785230,61024858,2887.2789,6.64768854
1500591785230,61024858,2884.4797,0.0
1500591785414,61024859,2881.427,0.0
1500591785414,61024861,2879.29,0.269
1500591785414,61024861,2879.12,0.0
1500591785723,61024863,2869.9999,0.01
1500591785901,61024868,2879.4877,0.46344655
1500591786166,61024869,3162.452,0.0
1500591786166,61024869,3198.516,26.753
1500591787568,61024878,3237.602,11.313
1500591787568,61024878,3162.657,0.0
1500591788802,61024881,2887.2789,0.0
1500591788802,61024881,2890.4047,6.64768854
1500591788987,61024883,2878.7894,0.26482049
1500591788997,61024884,2869.917,0.0
1500591789187,61024885,2869.9137,0.91415
1500591789187,61024886,2869.9136,0.19371806
1500591789187,61024886,2869.9169,0.0
1500591789760,61024887,3162.842,0.0
1500591789760,61024887,3230.889,6.428
1500591789842,61024888,2879.29,0.0
1500591789842,61024888,2878.68,0.269
1500591789843,61024890,2881.0373,0.0
1500591790845,61024892,2876.7571,9.06577709
1500591790845,61024892,2879.4878,0.0
1500591791267,61024894,3163.282,0.0
1500591791267,61024894,3228.626,9.857
1500591791575,61024895,2876.65,0.269
1500591791575,61024895,2878.68,0.0
1500591791666,61024897,2882.3089,0.13402657
1500591792114,61024899,2879.4877,0.0
1500591792115,61024900,2869.927,0.0
1500591792356,61024901,2876.65,0.0
1500591792356,61024901,2878.68,0.269
1500591792452,61024902,2869.9137,0.0
1500591792623,61024903,2869.911,0.78745
1500591792630,61024904,2887.4009,6.64768854
1500591792630,61024904,2890.4047,0.0
1500591792658,61024905,2869.9109,0.19371806
1500591792658,61024905,2869.9136,0.0
1500591792720,61024906,2881.6454,0.0
1500591792753,61024907,2869.911,0.0
1500591792884,61024908,2869.8995,0.78735
1500591792884,61024909,3171.328,11.096
1500591792919,61024910,2869.8994,0.19371806
1500591792919,61024910,2869.9109,0.0
1500591793194,61024913,2869.9999,0.47344655
1500591793204,61024914,2869.9135,0.04
1500591793217,61024915,2881.91,0.269
1500591793217,61024915,2878.68,0.0
1500591793372,61024917,2869.8995,0.0
1500591793488,61024918,2869.8966,0.04014
1500591793558,61024920,2869.8962,0.77119
1500591793590,61024921,2869.8994,0.0
1500591793590,61024921,2869.8961,0.19371806
1500591793651,61024922,2869.8962,0.0
1500591793730,61024924,2869.8923,0.38845
1500591793765,61024925,2869.8961,0.0
1500591793765,61024925,2869.8922,0.19371806
1500591794000,61024926,2869.8966,0.0
1500591794239,61024927,2869.8852,0.27554
1500591794266,61024928,2869.8922,0.0
1500591794266,61024928,2869.8851,0.19371806
1500591794337,61024929,2869.8923,0.0
1500591794426,61024930,2869.8852,0.0
1500591795058,61024931,2881.91,0.269
1500591795937,61024938,2878.644,9.06577709
1500591795937,61024938,2876.7571,0.0
1500591795938,61024939,2881.91,0.0
1500591795938,61024939,2887.3,0.269
1500591796529,61024944,2887.4009,0.0
1500591796529,61024944,2889.7587,6.64768854
1500591796719,61024945,2875.827,0.50686961
1500591797026,61024946,2887.3,0.0
1500591797026,61024946,2889.65,0.269
1500591797697,61024947,2876.7977,9.06577709
1500591797697,61024947,2878.644,0.0
1500591800779,61024959,2886.9213,6.64768854
1500591800779,61024959,2889.7587,0.0
1500591800782,61024960,2879.3995,0.0
1500591801494,61024961,2889.65,0.0
1500591801494,61024961,2886.82,0.269
1500591802910,61024964,2880.0624,0.35871699
1500591805416,61024971,2869.9135,0.0
1500591806326,61024977,3196.437,7.955
1500591806326,61024977,3163.721,0.0
1500591806466,61024978,2869.885,0.04
1500591807792,61024982,2869.88,0.61261933
1500591807825,61024983,2869.8799,0.19371806
1500591807825,61024983,2869.8851,0.0
1500591808801,61024990,2879.6829,9.06577709
1500591808801,61024990,2876.7977,0.0
1500591808810,61024991,2886.82,0.0
1500591808810,61024991,2890.46,0.269
1500591809898,61024995,2878.7894,0.0
1500591810529,61025000,2891.3815,6.64768854
1500591810529,61025000,2886.9213,0.0
1500591810593,61025001,2869.9999,0.01
1500591811005,61025003,2879.6828,0.46344655
1500591812703,61025010,2879.6829,0.0
1500591812703,61025010,2876.951,9.06577709
1500591813959,61025014,2882.1582,0.46649587
1500591815228,61025020,2882.3089,0.0
1500591815228,61025021,2891.3815,0.0
1500591815228,61025021,2888.805,6.64768854
1500591815413,61025023,2890.46,0.0
1500591815413,61025023,2888.7,0.269
1500591816869,61025031,2876.951,0.0
1500591816869,61025031,2879.6839,9.06577709
1500591817242,61025033,2888.7,0.0
1500591817242,61025033,2890.46,0.269
1500591817694,61025036,2879.6828,0.0
1500591817738,61025037,2869.8798,0.10795086
1500591817773,61025038,2869.8799,0.0
1500591817773,61025038,2869.8797,0.20481805
1500591817862,61025039,2879.6838,0.46344655
1500591818040,61025040,2890.46,0.0
1500591818040,61025040,2888.7,0.269
1500591818353,61025044,2869.885,0.0
1500591818618,61025046,2888.805,0.0
1500591818618,61025046,2891.3917,6.64768854
1500591819269,61025047,2888.7,0.0
1500591819269,61025047,2890.46,0.269
1500591819876,61025048,2875.827,0.0
1500591820008,61025049,2869.8798,0.14795086
1500591820009,61025050,3163.852,0.0
1500591820009,61025050,3193.138,23.761
1500591821805,61025062,2880.5202,0.52119958
1500591822728,61025067,2876.951,9.06577709
1500591822728,61025067,2879.6839,0.0
1500591824068,61025073,2879.6838,0.0
1500591824625,61025075,2869.9999,0.47344655
1500591825088,61025076,2870.0921,0.43489225
1500591825088,61025076,2869.9894,0.0
1500591826666,61025084,2876.951,0.0
1500591826666,61025084,2879.6829,9.06577709
1500591827019,61025087,2890.46,0.0
1500591827019,61025087,2881.91,0.269
1500591827636,61025089,2869.8797,0.00481805
1500591828626,61025091,2881.91,0.0
1500591828626,61025091,2890.46,0.269
1500591828949,61025094,2869.9999,0.01
1500591829689,61025099,2869.8796,0.07639558
1500591829689,61025099,2869.9774,0.0
1500591829690,61025100,2890.46,0.0
1500591829690,61025100,2881.91,0.269
1500591829723,61025101,2869.8797,0.0
1500591829723,61025101,2869.8795,0.20481805
1500591830053,61025102,2879.6828,0.46344655
1500591831462,61025110,2869.8798,0.10795086
1500591833094,61025116,2869.8794,0.04
1500591833437,61025117,2890.561,0.0
1500591833437,61025117,2895.5417,17.62933277
1500591833694,61025118,3164.987,0.0
1500591833694,61025118,3191.972,8.596
1500591836670,61025125,2882.1582,0.0
1500591841875,61025152,2881.9358,0.65152806
1500591847965,61025172,3195.105,6.123
1500591847965,61025172,3165.244,0.0
1500591848624,61025176,2881.91,0.0
1500591848624,61025176,2880.42,0.269
1500591849557,61025179,2880.42,0.269
1500591849580,61025180,2891.3917,0.0
1500591849580,61025180,2894.5608,6.64768854
1500591850100,61025183,3232.391,28.0
1500591850100,61025183,3165.595,0.0
1500591850258,61025187,2880.42,0.269
1500591850865,61025190,2869.8793,0.10795086
1500591850865,61025190,2869.8798,0.0
1500591850871,61025191,2880.42,0.269
1500591850899,61025192,2869.8792,0.20676542
1500591850899,61025192,2869.8795,0.0
1500591851365,61025194,2898.4903,17.62933277
1500591851365,61025194,2895.5417,0.0
1500591851471,61025195,2880.42,0.269
1500591852063,61025196,2880.42,0.269
1500591852898,61025202,2880.42,0.269
1500591853535,61025207,2869.88,0.0
1500591853625,61025208,2881.83,0.269
1500591853625,61025208,2880.42,0.0
1500591855177,61025210,2870,1.16992709
1500591855177,61025210,2869.8796,0.0
1500591855177,61025210,2869.8793,0.0
1500591855177,61025210,2869.8794,0.0
1500591855177,61025210,2869.9999,0.0
1500591855177,61025210,2869.8792,0.0
1500591855251,61025211,2894.46,0.269
1500591855251,61025211,2881.83,0.0
1500591855383,61025218,2870,1.14834242
1500591855847,61025223,2879.96,0.269
1500591855847,61025223,2894.46,0.0
1500591857400,61025225,2870.0921,0.0
1500591857400,61025225,2881.9357,0.43489225
1500591859271,61025240,2882.019,0.0
1500591859271,61025240,2889.3837,29.89062007
1500591862838,61025267,2881.9358,0.0
1500591863370,61025269,2870,0.94834242
1500591863687,61025271,3167.182,0.0
1500591863687,61025271,3201.011,14.742
1500591864924,61025278,2881.7604,0.54742503
1500591866718,61025284,3168.293,0.0
1500591866718,61025284,3230.357,4.671
1500591868843,61025292,3236.232,7.83
1500591868843,61025292,3168.446,0.0
1500591870516,61025299,3169.223,0.0
1500591870516,61025299,3232.895,4.755
1500591871338,61025305,2879.58,0.269
1500591871338,61025305,2879.96,0.0
1500591872170,61025309,2879.58,0.269
1500591872171,61025312,2889.3837,0.0
1500591872171,61025312,2883.6477,30.0
1500591872795,61025318,2879.58,0.269
1500591873419,61025330,2879.58,0.269
1500591875068,61025338,2869.88,0.61261933
1500591879578,61025355,2889.5436,30.0
1500591879578,61025355,2883.6477,0.0
1500591883902,61025369,3171.107,0.0
1500591883902,61025369,3199.097,26.155
1500591885360,61025374,2870,0.0
1500591885360,61025374,2870.0922,0.16635345
1500591885360,61025374,2869.88,0.0
1500591885930,61025377,3199.101,0.0
1500591887500,61025389,2895.1199,17.62933277
1500591887500,61025389,2898.4903,0.0
1500591890204,61025401,2870.0922,0.0
1500591890204,61025401,2870.16,0.2163538
1500591892746,61025407,2879.8531,0.10235085
1500591893504,61025409,2881.7603,0.43489225
1500591893504,61025409,2881.9357,0.0
1500591894278,61025416,2870.16,0.19910738
1500591895048,61025422,2870.4469,0.26524925
1500591895048,61025422,2870.16,0.0
1500591895727,61025427,2879.6829,0.0
1500591895727,61025427,2881.4294,9.06577709
1500591896885,61025434,2879.6828,0.0
1500591897089,61025435,2879.75,0.269
1500591897089,61025435,2879.58,0.0
1500591897107,61025436,2879.9999,0.46344655
1500591897448,61025437,2898.4125,17.62933277
1500591897448,61025437,2895.1199,0.0
1500591898229,61025440,3171.328,0.0
1500591898229,61025440,3201.129,11.902
1500591900801,61025451,2886.9484,9.06577709
1500591900801,61025451,2881.4294,0.0
1500591900823,61025452,3238.811,7.028
1500591900823,61025452,3172.099,0.0
1500591900853,61025453,2870.4469,0.06525252
1500591902335,61025461,3159.87,5.536
1500591903390,61025467,3201.295,0.0
1500591903647,61025469,2879.7409,0.38022
1500591903731,61025470,2879.7409,0.0
1500591903847,61025471,2879.7455,0.30055
1500591904659,61025475,2879.75,0.0
1500591904659,61025475,2879.64,0.269
1500591904669,61025478,2870.77,0.0
1500591904669,61025478,2876.0168,0.41737129
1500591904669,61025478,2870.4469,0.0
1500591904920,61025481,3028.98,0.0
1500591906088,61025491,2879.6304,0.6136
1500591906521,61025492,2879.53,0.269
1500591906521,61025492,2879.64,0.0
1500591909371,61025505,2892.8635,30.0
1500591909371,61025505,2889.5436,0.0
1500591910002,61025507,2889.7777,9.06577709
1500591910002,61025507,2886.9484,0.0
1500591910404,61025509,2898.4125,0.0
1500591910404,61025509,2903.4117,17.62933277
1500591911246,61025515,2879.53,0.0
1500591911246,61025515,2889.67,0.269
1500591911380,61025517,2879.9999,0.0
1500591911540,61025518,2889.4749,0.46344655
1500591912071,61025521,2889.67,0.0
1500591912071,61025521,2889.37,0.269
1500591913846,61025528,2880.0624,0.0
1500591913963,61025530,2879.7455,0.0
1500591914880,61025531,2880.5202,0.0
1500591915517,61025534,3206.922,5.684
1500591915517,61025534,3159.87,0.0
1500591915772,61025536,2881.7604,0.0
1500591916035,61025539,2879.6304,0.0
1500591916199,61025542,2889.3614,0.91415
1500591916597,61025544,2889.37,0.0
1500591916597,61025544,2889.26,0.269
1500591916668,61025545,2879.8531,0.0
1500591917294,61025547,3172.378,0.0
1500591917294,61025547,3237.444,12.078
1500591917382,61025548,2889.3614,0.0
1500591917530,61025549,2889.4702,0.76584
1500591917837,61025551,2889.26,0.0
1500591917837,61025551,2889.37,0.269
1500591918064,61025553,2889.3602,0.01521
1500591918614,61025557,2889.37,0.0
1500591918614,61025557,2889.26,0.269
1500591918902,61025559,2886.1189,0.38722333
1500591919727,61025561,3175.3,0.0
1500591919727,61025561,3236.957,5.871
1500591920145,61025564,2889.26,0.0
1500591920145,61025564,2886.01,0.269
1500591920146,61025565,2889.4702,0.0
1500591920956,61025568,2889.3602,0.0
1500591920980,61025569,2887.4311,0.26283473
1500591921568,61025574,2889.4718,0.55217
1500591921695,61025577,3182.022,8.636
1500591921873,61025578,2889.4718,0.0
1500591922021,61025580,2889.4629,0.51197
1500591922231,61025582,2889.4629,0.0
1500591922524,61025583,2922.5888,17.62933277
1500591922524,61025583,2903.4117,0.0
1500591922742,61025584,2888.1853,0.15675427
1500591922742,61025585,3028.98,0.5
1500591922894,61025586,3201.129,0.0
1500591924761,61025592,2888.3512,0.51821572
1500591925309,61025595,2887.33,0.269
1500591925309,61025595,2886.01,0.0
1500591926537,61025599,2928.8437,17.62933277
1500591926537,61025599,2922.5888,0.0
1500591928338,61025610,2881.7603,0.0
1500591928338,61025610,2881.9996,0.43489225
1500591930680,61025617,2887.8657,0.25569013
1500591930733,61025618,2886.01,0.269
1500591930733,61025618,2887.33,0.0
1500591930990,61025620,2876.8299,0.0
1500591930990,61025620,2877.0052,0.22425326
1500591930990,61025620,2876.7069,0.0
1500591931367,61025623,2886.01,0.269
1500591931367,61025624,2928.8437,0.0
1500591931367,61025624,2916.3044,17.62933277
1500591932049,61025630,2886.01,0.269
1500591932871,61025633,2886.01,0.269
1500591933861,61025640,2886.01,0.269
1500591934107,61025641,2889.4705,0.28379
1500591934840,61025644,2889.4705,0.0
1500591934841,61025645,2886.01,0.269
1500591935442,61025646,3205.445,6.341
1500591935442,61025646,3175.436,0.0
1500591937132,61025653,3237.679,6.05
1500591937132,61025653,3175.898,0.0
1500591937651,61025655,2889.4663,0.22227
1500591938166,61025661,2889.4663,0.0
1500591938420,61025665,2889.4718,0.16528
1500591938638,61025667,3182.085,11.394
1500591938639,61025668,2889.4718,0.0
1500591938895,61025671,2889.4673,0.15126
1500591939190,61025675,2887.33,0.269
1500591939190,61025675,2886.01,0.0
1500591939443,61025676,2877.0051,0.0405531
1500591939788,61025678,2889.4673,0.0
1500591940302,61025680,2889.4608,0.16581
1500591940531,61025682,2889.4608,0.0
1500591941755,61025687,2877.0051,0.23997815
1500591941852,61025690,2891.8347,9.38790298
1500591941852,61025690,2889.7777,0.0
1500591942961,61025694,2886.1189,0.0
1500591942995,61025695,2892.8635,0.0
1500591942995,61025695,2895.486,30.0
1500591946666,61025704,2887.4311,0.0
1500591947217,61025708,2888.08,0.269
1500591947217,61025708,2887.33,0.0
1500591947429,61025710,2916.3044,0.0
1500591947429,61025710,2918.9411,17.62933277
1500591948044,61025712,2901.9173,0.0
1500591948367,61025717,2877.0151,0.25
1500591948422,61025718,2915.0012,11.4543
1500591950526,61025730,2888.08,0.0
1500591950526,61025730,2889.37,0.269
1500591950681,61025731,2888.1853,0.0
1500591951822,61025735,3204.568,2.451
1500591951822,61025735,3175.928,0.0
1500591952856,61025740,2894.5608,0.0
1500591952856,61025740,2896.5758,6.64768854
1500591953667,61025742,2891.3977,0.55489081
1500591953905,61025744,3176.313,0.0
1500591953905,61025744,3241.089,9.631
1500591954928,61025748,2888.3512,0.0
1500591955820,61025753,2889.37,0.0
1500591955820,61025753,2891.29,0.269
1500591956115,61025756,2932.98,0.0
1500591956432,61025757,2889.37,0.269
1500591956432,61025757,2891.29,0.0
1500591956667,61025759,2891.1671,0.56472033
1500591956872,61025761,2883.0173,0.03346398
1500591957614,61025762,2918.9411,0.0
1500591957614,61025762,2912.7061,17.62933277
1500591957704,61025764,2891.8347,0.0
1500591957704,61025764,2893.8712,9.38790298
1500591959693,61025779,2890.5211,0.18429237
1500591961803,61025784,2887.8657,0.0
1500591963086,61025789,2876.94,0.01
1500591963262,61025791,2881.9996,0.43489225
1500591963508,61025792,2876.9399,0.0405531
1500591963508,61025792,2877.0051,0.19942505
1500591965335,61025797,2939.82,0.28
1500591965371,61025798,2912.7061,0.0
1500591965371,61025798,2917.6822,17.62933277
1500591967596,61025805,3176.787,0.0
1500591967596,61025805,3205.114,4.401
1500591968467,61025806,2876.9398,0.07638754
1500591968657,61025807,2876.9397,0.19561405
1500591968657,61025807,2877.0051,0.0
1500591968657,61025809,2876.9397,0.23616715
1500591968657,61025809,2876.9399,0.0
1500591970356,61025822,2917.6822,0.0
1500591970356,61025822,2912.9241,17.62933277
1500591971127,61025824,2877.0151,0.0
1500591972260,61025827,2889.37,0.0
1500591972260,61025827,2890.42,0.269
1500591972849,61025828,2876.9497,0.25
1500591972928,61025829,2891.8404,9.38790298
1500591972928,61025829,2893.8712,0.0
1500591973067,61025833,2939.82,0.0
1500591975787,61025840,2891.8404,0.0
1500591975787,61025840,2893.8712,9.38790298
1500591976373,61025845,2941.8435,0.03921276
1500591977304,61025846,2941.24,0.28
1500591980035,61025854,2876.9396,0.05448846
1500591980068,61025855,2876.9396,0.25010251
1500591980068,61025855,2876.9397,0.0405531
1500591980147,61025857,2876.9395,0.0405531
1500591980147,61025857,2876.9397,0.0
1500591980185,61025859,2876.9396,0.05448846
1500591980185,61025859,2876.9395,0.23616715
1500591981401,61025866,3177.719,0.0
1500591981401,61025866,3206.624,28.0
1500591981698,61025867,2893.1617,0.28011331
1500591984500,61025871,3244.665,6.039
1500591984500,61025871,3179.148,0.0
1500591985336,61025879,2923.4414,17.62933277
1500591985336,61025879,2912.9241,0.0
1500591985956,61025880,3201.658,23.127
1500591985956,61025880,3180.433,0.0
1500591987864,61025888,3201.145,8.868
1500591987864,61025888,3182.022,0.0
1500591989379,61025893,3182.085,0.0
1500591989379,61025893,3241.914,11.626
1500591991099,61025897,3248.29,28.0
1500591991099,61025897,3183.05,0.0
1500591992932,61025909,3187.927,0.0
1500591992932,61025909,3244.752,5.748
1500591992964,61025910,2891.1671,0.0
1500591993416,61025911,2891.29,0.269
1500591993416,61025911,2890.42,0.0
1500591993858,61025914,2876.94,0.0
1500591994164,61025916,2890.42,0.269
1500591994164,61025916,2891.29,0.0
1500591994657,61025918,2876.87,0.01
1500591994784,61025919,2876.9395,0.19561405
1500591994784,61025919,2876.8699,0.0405531
1500591994942,61025920,2889.37,0.269
1500591994942,61025920,2890.42,0.0
1500591994943,61025923,2893.7059,0.23965648
1500591994993,61025924,3242.302,4.652
1500591994993,61025924,3190.612,0.0
1500591996378,61025931,3247.314,8.828
1500591996378,61025931,3191.972,0.0
1500591996892,61025935,2890.5211,0.0
1500591997919,61025943,3243.652,23.993
1500591997919,61025943,3193.138,0.0
1500591998342,61025944,2881.9996,0.43489225
1500591998793,61025945,2892.7974,0.26358584
1500592000034,61025950,3206.624,0.0
1500592000375,61025952,2876.9497,0.0
1500592000667,61025953,2894.092,0.16707577
1500592001742,61025954,2876.88,0.25
1500592001766,61025955,2876.9395,0.0
1500592001766,61025955,2876.8799,0.19120684
1500592001979,61025957,2876.9398,0.0
1500592001979,61025957,2877.0052,0.0
1500592001979,61025957,2877.4244,0.44121891
1500592001979,61025957,2876.8699,0.0
1500592001979,61025957,2876.88,0.0
1500592001979,61025957,2876.8799,0.0
1500592001979,61025957,2876.9396,0.0
1500592001979,61025957,2876.87,0.0
1500592002232,61025959,2877.4243,0.04012814
1500592008866,61025986,2877.4152,0.06672
1500592009043,61025988,2877.4127,0.08585
1500592009075,61025990,2877.4126,0.19120684
1500592009075,61025990,2877.4243,0.0
1500592009128,61025991,2877.4199,0.1717
1500592009285,61025993,2877.4094,0.08585
1500592009317,61025994,2877.4126,0.0
1500592009317,61025994,2877.4093,0.19120684
1500592010055,61025996,2889.37,0.0
1500592010055,61025996,2891.29,0.269
1500592010488,61025997,2877.4092,0.05625741
1500592011481,61025999,2920.3488,17.62933277
1500592011481,61025999,2923.4414,0.0
1500592013728,61026002,2896.5758,0.0
1500592013728,61026002,2898.5981,6.64768854
1500592015004,61026008,2895.7702,9.38790298
1500592015004,61026008,2893.8712,0.0
1500592015170,61026012,2895.486,0.0
1500592015170,61026012,2897.5756,30.0
1500592016486,61026014,2877.4192,0.25
1500592017527,61026016,2877.4091,0.16184964
1500592017562,61026017,2877.4093,0.0
1500592017562,61026017,2877.409,0.19120684
1500592018448,61026020,2877.4092,0.0
1500592018448,61026020,2877.4089,0.05625741
1500592020269,61026021,2877.4088,0.27278435
1500592020306,61026022,2877.409,0.0
1500592020306,61026022,2877.4087,0.19120684
1500592020346,61026023,2877.4199,0.0
1500592020441,61026024,2877.4086,0.05625741
1500592020441,61026024,2877.4089,0.0
1500592020462,61026025,2877.4152,0.0
1500592020578,61026026,2877.4127,0.0
1500592020674,61026027,2877.4094,0.0
1500592020740,61026028,2877.402,0.41012
1500592020773,61026029,2877.4019,0.19120684
1500592020773,61026029,2877.4087,0.0
1500592021492,61026032,2877.4088,0.31278435
1500592022432,61026033,2877.4086,0.0
1500592022432,61026033,2877.4018,0.05625741
1500592024593,61026036,3194.556,0.0
1500592024593,61026036,3213.04,7.87
1500592025886,61026042,2947.8292,0.0
1500592025962,61026043,3177.639,22.21
1500592026427,61026045,2970.4642,11.4543
1500592026703,61026046,2898.4204,9.38790298
1500592026703,61026046,2895.7702,0.0
1500592026886,61026047,2877.29,0.01
1500592027256,61026051,3201.793,0.0
1500592027443,61026052,2877.2899,0.05625741
1500592027443,61026052,2877.4018,0.0
1500592028905,61026053,2877.2898,0.10804856
1500592028939,61026054,2877.2897,0.19648395
1500592028939,61026054,2877.4019,0.0
1500592029234,61026055,2941.24,0.0
1500592029442,61026056,2877.2896,0.05625741
1500592029442,61026056,2877.2899,0.0
1500592031300,61026060,2877.402,0.0
1500592031301,61026061,2875.333,0.0102423
1500592031437,61026062,2877.2896,0.0
1500592031437,61026062,2875.3329,0.05625741
1500592031472,61026063,2877.2783,0.41012
1500592031521,61026064,2877.2782,0.19648395
1500592031521,61026064,2877.2897,0.0
1500592031611,61026065,2875.3329,0.0
1500592031611,61026065,2877.2782,0.13510998
1500592031611,61026065,2875.333,0.0
1500592031697,61026066,2891.3977,0.0
1500592032279,61026067,2892.69,0.269
1500592032279,61026067,2891.29,0.0
1500592032542,61026068,2877.4192,0.0
1500592033801,61026073,2877.4088,0.27278435
1500592033835,61026074,2894.8727,0.34253252
1500592033837,61026076,2877.2996,0.25
1500592034993,61026078,2877.2781,0.04
1500592036506,61026081,2881.9996,0.0
1500592036506,61026081,2877.4243,0.43489225
1500592037244,61026086,2897.5756,0.0
1500592037244,61026086,2902.7083,30.0
1500592039325,61026096,3215.275,22.837
1500592039325,61026096,3177.639,0.0
1500592039793,61026098,2898.4204,0.0
1500592039793,61026098,2900.1954,9.38790298
1500592040331,61026101,2925.3468,17.62933277
1500592040331,61026101,2920.3488,0.0
1500592040566,61026102,2900.9054,6.64768854
1500592040566,61026102,2898.5981,0.0
1500592040904,61026106,3189.605,15.538
1500592040966,61026107,2904.7919,30.0
1500592040966,61026107,2902.7083,0.0
1500592041649,61026109,2877.2783,0.0
1500592041705,61026111,2877.2996,0.0
1500592041774,61026114,2877.2741,0.41012
1500592041811,61026115,2877.2782,0.0
1500592041811,61026115,2877.274,0.17065134
1500592042267,61026116,3215.357,0.0
1500592042752,61026118,2901.9723,9.38790298
1500592042752,61026118,2900.1954,0.0
1500592042752,61026119,2892.7974,0.0
1500592043145,61026120,2877.2881,0.25
1500592043260,61026121,2893.06,0.269
1500592043260,61026121,2892.69,0.0
1500592044332,61026125,2925.3468,0.0
1500592044332,61026125,2922.7803,17.62933277
1500592044886,61026126,2896.4324,0.16058271
1500592045031,61026127,2899.761,30.0
1500592045031,61026127,2904.7919,0.0
1500592045581,61026128,2889.37,0.269
1500592045581,61026128,2893.06,0.0
1500592046404,61026131,2889.37,0.269
1500592046922,61026133,2893.1617,0.0
1500592046922,61026134,2893.8493,9.38790298
1500592046922,61026134,2901.9723,0.0
1500592046923,61026135,2877.2781,0.0
1500592047471,61026136,2942.65,0.28
