timestamp,id,price,q
1500593106392,61032122,2764.7002,0.19412025
1500593106392,61032122,2759.0155,0.0
1500593106536,61032124,2764.7003,0.05049087
1500593106702,61032125,2744.2322,0.0
1500593108267,61032129,2764.7004,0.27483923
1500593108278,61032130,2764.7005,0.19412025
1500593108278,61032130,2764.7002,0.0
1500593108469,61032131,2764.7004,0.0
1500593108469,61032131,2764.7006,0.27483923
1500593108478,61032132,2764.7005,0.0
1500593108478,61032132,2764.7007,0.19412025
1500593108569,61032133,2742.1913,0.0
1500593108569,61032133,2736.1402,6.5918827
1500593108802,61032134,2764.7006,0.0
1500593108802,61032134,2764.7004,0.27483923
1500593108802,61032135,2764.7008,0.05049087
1500593108802,61032135,2764.7003,0.0
1500593108987,61032136,2764.7004,0.0
1500593108987,61032136,2764.7008,0.3253301
1500593108995,61032137,2764.7009,0.20514102
1500593108995,61032137,2764.7007,0.0
1500593109163,61032138,2764.7009,0.47998025
1500593109163,61032138,2764.7008,0.05049087
1500593109172,61032139,2764.7009,0.27483923
1500593109172,61032139,2764.701,0.20514102
1500593109346,61032140,2764.7009,0.0
1500593109346,61032140,2764.701,0.47998025
1500593109354,61032141,2764.7011,0.20514102
1500593109354,61032141,2764.701,0.27483923
1500593109524,61032142,2764.701,0.0
1500593109527,61032143,2764.7011,0.47998025
1500593109540,61032144,2735.228,29.99999999
1500593109540,61032144,2738.0375,0.0
1500593109540,61032145,2764.7012,0.20514102
1500593109540,61032145,2764.7011,0.27483923
1500593109706,61032147,2764.7012,0.47998025
1500593109706,61032147,2764.7011,0.0
1500593109714,61032148,2764.7012,0.27483923
1500593109714,61032148,2764.7013,0.20514102
1500593109883,61032149,2764.7012,0.0
1500593109883,61032149,2764.7013,0.47998025
1500593109896,61032150,2764.7014,0.20514102
1500593109896,61032150,2764.7013,0.27483923
1500593110061,61032153,2764.7009,0.27483923
1500593110061,61032153,2764.7013,0.0
1500593110069,61032154,2736.0928,0.1455429
1500593110148,61032155,2764.7004,0.01
1500593110238,61032157,2764.7009,0.0
1500593110238,61032157,2764.7015,0.27483923
1500593110247,61032158,2764.7014,0.0
1500593110247,61032158,2764.7016,0.20514102
1500593110470,61032159,2764.7015,0.0
1500593110470,61032159,2764.7009,0.27483923
1500593110517,61032160,2764.7017,0.05049087
1500593110517,61032160,2764.7008,0.0
1500593110649,61032162,2764.7009,0.0
1500593110649,61032162,2764.7017,0.3253301
1500593110659,61032163,2764.7018,0.20514102
1500593110659,61032163,2764.7016,0.0
1500593110827,61032164,2764.7018,0.47998025
1500593110827,61032164,2764.7017,0.05049087
1500593110835,61032165,2764.7018,0.27483923
1500593110835,61032165,2764.7019,0.20514102
1500593111011,61032166,2764.7018,0.0
1500593111011,61032166,2764.7019,0.47998025
1500593111019,61032167,2764.702,0.20514102
1500593111019,61032167,2764.7019,0.27483923
1500593111201,61032171,2764.7019,0.0
1500593111325,61032173,2764.702,0.47998025
1500593111405,61032174,2764.7021,0.20514102
1500593111405,61032174,2764.702,0.27483923
1500593111504,61032175,2764.7021,0.47998025
1500593111504,61032175,2764.702,0.0
1500593111514,61032176,2764.7021,0.27483923
1500593111514,61032176,2764.7022,0.20514102
1500593111632,61032177,2742.1411,6.57745702
1500593111632,61032177,2736.1402,0.0
1500593111689,61032178,2764.7021,0.0
1500593111689,61032178,2764.7018,0.27483923
1500593111726,61032179,2745.1385,30.0
1500593111726,61032179,2735.228,0.0
1500593111886,61032182,2764.7018,0.0
1500593111886,61032182,2764.7023,0.27483923
1500593111903,61032183,2764.7022,0.0
1500593111903,61032183,2764.7024,0.20514102
1500593112095,61032184,2764.7023,0.0
1500593112095,61032184,2764.7018,0.27483923
1500593112275,61032187,2764.7018,0.0
1500593112275,61032187,2764.7025,0.27483923
1500593112284,61032188,2764.7026,0.20514102
1500593112284,61032188,2764.7024,0.0
1500593112459,61032189,2764.7027,0.27483923
1500593112459,61032189,2764.7025,0.0
1500593112469,61032190,2764.7026,0.0
1500593112469,61032190,2764.7028,0.20514102
1500593112514,61032191,2764.7029,0.05049087
1500593112514,61032191,2764.7017,0.0
1500593112649,61032192,2764.7018,0.27483923
1500593112649,61032192,2764.7027,0.0
1500593112832,61032194,2764.7018,0.0
1500593112832,61032194,2764.703,0.27483923
1500593112840,61032195,2764.7031,0.20514102
1500593112840,61032195,2764.7028,0.0
1500593112973,61032196,2731.6363,0.14578035
1500593113016,61032197,2764.703,0.0
1500593113016,61032197,2764.7032,0.27483923
1500593113027,61032198,2764.7031,0.0
1500593113027,61032198,2764.7033,0.20514102
1500593113203,61032199,2764.7032,0.0
1500593113203,61032199,2764.703,0.27483923
1500593113225,61032200,2745.87,0.0
1500593113315,61032201,2764.6909,0.01
1500593113379,61032202,2764.703,0.0
1500593113379,61032202,2764.7034,0.27483923
1500593113388,61032203,2764.7035,0.20514102
1500593113388,61032203,2764.7033,0.0
1500593113566,61032204,2764.7036,0.27483923
1500593113566,61032204,2764.7034,0.0
1500593113574,61032205,2764.7037,0.20514102
1500593113574,61032205,2764.7035,0.0
1500593113764,61032206,2764.7038,0.27483923
1500593113764,61032206,2764.7036,0.0
1500593113773,61032207,2764.7037,0.0
1500593113773,61032207,2764.7039,0.20514102
1500593113917,61032209,2745.1385,0.0
1500593113917,61032209,2738.3957,30.0
1500593113951,61032210,2764.7038,0.0
1500593113951,61032210,2764.703,0.27483923
1500593114143,61032211,2764.703,0.0
1500593114143,61032211,2764.704,0.27483923
1500593114154,61032212,2764.7039,0.0
1500593114154,61032212,2764.7041,0.20514102
1500593114239,61032214,2764.7041,0.0
1500593114239,61032214,2759.0155,0.20514102
1500593114332,61032215,2764.704,0.0
1500593114332,61032215,2764.703,0.27483923
1500593114501,61032216,2764.7031,0.05049087
1500593114501,61032216,2764.7029,0.0
1500593114513,61032217,2745.87,0.229
1500593114679,61032218,2764.703,0.0
1500593114679,61032218,2764.7032,0.27483923
1500593114847,61032220,2736.1402,6.5918827
1500593114847,61032220,2742.1411,0.0
1500593116452,61032224,2764.7031,0.0
1500593116452,61032224,2764.7032,0.0
1500593116452,61032224,2764.7004,0.0
1500593116452,61032224,2764.7001,0.02100105
1500593116464,61032225,2757.1951,0.20514102
1500593116464,61032225,2759.0155,0.0
1500593116665,61032227,2739.784,0.0
1500593116723,61032228,2744.7385,30.0
1500593116723,61032228,2738.3957,0.0
1500593118037,61032232,2740.6384,6.58106346
1500593118037,61032232,2736.1402,0.0
1500593120014,61032236,2742.9948,6.57540993
1500593120014,61032236,2740.6384,0.0
1500593120023,61032237,2728.194,0.14596428
1500593120844,61032239,2738.3957,30.0
1500593120844,61032239,2744.7385,0.0
1500593123668,61032250,2748.9676,29.99999999
1500593123668,61032250,2738.3957,0.0
1500593123886,61032252,2745.87,0.0
1500593123886,61032252,2749.06,0.229
1500593124810,61032256,2731.0747,0.14581032
1500593125805,61032262,2745.7731,0.0
1500593125979,61032263,2747.4583,1.13886223
1500593125985,61032264,2755.3361,0.47922792
1500593126545,61032266,2749.0916,6.56082731
1500593126545,61032266,2742.9948,0.0
1500593126705,61032268,2743.6657,0.0
1500593127826,61032271,2749.19,0.229
1500593127826,61032271,2749.06,0.0
1500593127856,61032275,2745.2188,30.0
1500593127856,61032275,2748.9676,0.0
1500593129942,61032282,2748.9666,30.0
1500593129942,61032282,2745.2188,0.0
1500593130496,61032283,2532.19,0.0
1500593130656,61032285,2356.154,0.0
1500593130657,61032286,2752.4752,6.55276212
1500593130657,61032286,2749.0916,0.0
1500593131217,61032290,2757.195,0.0
1500593131217,61032290,2759.0154,0.0
1500593131217,61032290,2756.3999,0.0
1500593131217,61032290,2764.7001,0.0
1500593131217,61032290,2757.1951,0.0
1500593131217,61032290,2755.3361,0.12870332
1500593131217,61032290,2757.0708,0.0
1500593131217,61032290,2757.1802,0.0
1500593131217,61032290,2758.9901,0.0
1500593131217,61032290,2757.0701,0.0
1500593131217,61032290,2758.99,0.0
1500593131217,61032290,2764.6909,0.0
1500593131392,61032291,2757.1952,0.22002206
1500593131401,61032292,2757.1953,0.20514102
1500593131569,61032294,2757.1952,0.0
1500593131569,61032294,2755.3362,0.22002206
1500593131578,61032295,2755.3363,0.20514102
1500593131578,61032295,2757.1953,0.0
1500593131752,61032296,2755.3362,0.0
1500593131752,61032296,2757.1954,0.22002206
1500593131765,61032297,2757.1955,0.20514102
1500593131765,61032297,2755.3363,0.0
1500593131867,61032301,2748.9666,0.0
1500593131867,61032301,2751.2562,29.99999999
1500593131929,61032302,2755.3364,0.21989878
1500593131929,61032302,2757.1954,0.0
1500593131937,61032303,2755.3365,0.20514102
1500593131937,61032303,2757.1955,0.0
1500593132110,61032306,2757.1956,0.21989878
1500593132110,61032306,2755.3364,0.0
1500593132118,61032307,2755.3365,0.0
1500593132118,61032307,2757.1957,0.20514102
1500593132336,61032308,2757.1956,0.0
1500593132336,61032308,2755.3366,0.21989878
1500593132346,61032309,2755.3367,0.20514102
1500593132346,61032309,2757.1957,0.0
1500593132515,61032310,2757.1958,0.21989878
1500593132515,61032310,2755.3366,0.0
1500593132523,61032311,2755.3367,0.0
1500593132523,61032311,2757.1959,0.20514102
1500593132692,61032312,2755.3368,0.21989878
1500593132692,61032312,2757.1958,0.0
1500593132700,61032313,2755.3369,0.20514102
1500593132700,61032313,2757.1959,0.0
1500593132883,61032317,2755.3368,0.0
1500593132883,61032317,2757.196,0.21989878
1500593132887,61032318,2757.1961,0.20514102
1500593132887,61032318,2755.3369,0.0
1500593133052,61032319,2755.337,0.21989878
1500593133052,61032319,2757.196,0.0
1500593133060,61032320,2755.3371,0.20514102
1500593133060,61032320,2757.1961,0.0
1500593133236,61032321,2755.337,0.0
1500593133236,61032321,2757.1962,0.21989878
1500593133245,61032322,2757.1963,0.20514102
1500593133245,61032322,2755.3371,0.0
1500593133412,61032323,2755.3372,0.21989878
1500593133412,61032323,2757.1962,0.0
1500593133422,61032324,2757.1963,0.0
1500593133422,61032324,2755.3373,0.20514102
1500593133592,61032326,2755.3372,0.0
1500593133592,61032326,2757.1964,0.21989878
1500593133602,61032327,2755.3373,0.0
1500593133602,61032327,2757.1965,0.20514102
1500593133655,61032328,2757.1966,0.05053742
1500593133771,61032329,2755.3374,0.21989878
1500593133771,61032329,2757.1964,0.0
1500593133778,61032330,2757.1965,0.0
1500593133778,61032330,2755.3375,0.20514102
1500593133898,61032331,2757.1966,0.0
1500593133898,61032331,2755.3376,0.05053742
1500593133953,61032332,2755.3374,0.0
1500593133953,61032332,2757.1967,0.21989878
1500593133961,61032333,2755.3375,0.0
1500593133961,61032333,2757.1968,0.20514102
1500593134153,61032335,2755.3377,0.21989878
1500593134153,61032335,2757.1967,0.0
1500593134183,61032336,2755.3378,0.20514102
1500593134183,61032336,2757.1968,0.0
1500593134356,61032337,2755.3377,0.0
1500593134356,61032337,2757.1969,0.21989878
1500593134366,61032338,2757.197,0.20514102
1500593134366,61032338,2755.3378,0.0
1500593134409,61032339,2755.3376,0.0
1500593134409,61032339,2757.1971,0.05053742
1500593134585,61032340,2757.1971,0.2704362
1500593134585,61032340,2757.1969,0.0
1500593134596,61032341,2757.197,0.0
1500593134596,61032341,2757.1972,0.20514102
1500593134724,61032342,2755.4858,6.54560268
1500593134724,61032342,2752.4752,0.0
1500593134724,61032343,2744.0053,30.0
1500593134724,61032343,2751.2562,0.0
1500593134797,61032345,2757.1972,0.42503504
1500593134797,61032345,2757.1971,0.05053742
1500593134808,61032346,2757.1972,0.21989402
1500593134808,61032346,2757.1973,0.20514102
1500593134920,61032348,2757.32,0.01
1500593135009,61032349,2757.1972,0.0
1500593135009,61032349,2757.1973,0.42503504
1500593135009,61032350,2757.1974,0.21989402
1500593135017,61032351,2757.1974,0.42503504
1500593135017,61032351,2757.1973,0.21989402
1500593135027,61032352,2757.1975,0.20514102
1500593135027,61032352,2757.1974,0.21989402
1500593135188,61032353,2757.1973,0.0
1500593135203,61032354,2757.1975,0.42503504
1500593135203,61032354,2757.1974,0.0
1500593135203,61032355,2755.3361,0.0
1500593135221,61032356,2757.1976,0.20514102
1500593135221,61032356,2757.1975,0.21989402
1500593135383,61032359,2757.1976,0.42503504
1500593135383,61032359,2757.1975,0.0
1500593135397,61032360,2757.1977,0.20514102
1500593135397,61032360,2757.1976,0.21989402
1500593135567,61032362,2757.1977,0.42503504
1500593135567,61032362,2757.1976,0.0
1500593135576,61032363,2757.1977,0.21989402
1500593135576,61032363,2757.1978,0.20514102
1500593135680,61032365,2735.7773,0.14555969
1500593135738,61032366,2757.1977,0.0
1500593135738,61032366,2757.1978,0.42503504
1500593135746,61032367,2757.1979,0.20514102
1500593135746,61032367,2757.1978,0.21989402
1500593135924,61032370,2757.1972,0.21989402
1500593135924,61032370,2757.1978,0.0
1500593136104,61032371,2757.1972,0.0
1500593136104,61032371,2757.198,0.21989402
1500593136114,61032372,2757.1981,0.20514102
1500593136114,61032372,2757.1979,0.0
1500593136288,61032373,2757.198,0.0
1500593136288,61032373,2757.1982,0.21989402
1500593136296,61032374,2757.1983,0.20514102
1500593136296,61032374,2757.1981,0.0
1500593136480,61032375,2757.1984,0.21989402
1500593136480,61032375,2757.1982,0.0
1500593136489,61032376,2757.1985,0.20514102
1500593136489,61032376,2757.1983,0.0
1500593136499,61032377,2757.3201,0.05053742
1500593136499,61032377,2757.1971,0.0
1500593136755,61032378,2757.1984,0.0
1500593136755,61032378,2757.1986,0.21989402
1500593136763,61032379,2757.1985,0.0
1500593136763,61032379,2757.1987,0.20514102
1500593136866,61032380,2744.0053,0.0
1500593136866,61032380,2751.2562,29.99999999
1500593137013,61032381,2757.3202,0.21989402
1500593137013,61032381,2757.1986,0.0
1500593137023,61032382,2757.3203,0.20514102
1500593137023,61032382,2757.1987,0.0
1500593137200,61032384,2757.3202,0.0
1500593137200,61032384,2757.3204,0.21989402
1500593137207,61032385,2757.3205,0.20514102
1500593137207,61032385,2757.3203,0.0
1500593137385,61032386,2757.3206,0.21989402
1500593137385,61032386,2757.3204,0.0
1500593137395,61032387,2757.3205,0.0
1500593137395,61032387,2757.3207,0.20514102
1500593137513,61032388,2625.574,1.51140129
1500593137573,61032389,2757.3206,0.0
1500593137573,61032389,2757.3202,0.21989402
1500593137649,61032390,2757.3301,0.41
1500593137671,61032391,2757.3302,0.20514102
1500593137671,61032391,2757.3207,0.0
1500593137749,61032392,2757.3202,0.0
1500593137749,61032392,2757.3208,0.21989402
1500593137925,61032393,2757.3303,0.21990832
1500593137925,61032393,2757.3208,0.0
1500593137956,61032394,2757.3304,0.20514102
1500593137956,61032394,2757.3302,0.0
1500593138052,61032395,2749.19,0.0
1500593138133,61032396,2757.3305,0.21990832
1500593138133,61032396,2757.3303,0.0
1500593138140,61032397,2757.3306,0.20514102
1500593138140,61032397,2757.3304,0.0
1500593138315,61032399,2757.3305,0.0
1500593138315,61032399,2757.3307,0.21990832
1500593138330,61032400,2757.3306,0.0
1500593138330,61032400,2757.3308,0.20514102
1500593138508,61032401,2757.3307,0.0
1500593138508,61032401,2757.3302,0.21990832
1500593138586,61032402,2757.3201,0.0
1500593138586,61032402,2757.3309,0.05053742
1500593138815,61032403,2764.5103,6.52423514
1500593138815,61032403,2755.4858,0.0
1500593138815,61032404,2736.0928,0.0
1500593138826,61032405,2764.5104,0.19563235
1500593138826,61032405,2757.3308,0.0
1500593138856,61032406,2757.3309,0.27044574
1500593138856,61032406,2757.3302,0.0
1500593139043,61032407,2757.3309,0.05053742
1500593139043,61032407,2764.5105,0.21990832
1500593139053,61032408,2764.5106,0.19563235
1500593139053,61032408,2764.5104,0.0
1500593139244,61032410,2764.5105,0.0
1500593139244,61032410,2764.5107,0.21990832
1500593139254,61032411,2764.5106,0.0
1500593139254,61032411,2764.5108,0.19563235
1500593139431,61032413,2764.5107,0.0
1500593139431,61032413,2764.5104,0.21990832
1500593139614,61032414,2764.5109,0.21990832
1500593139614,61032414,2764.5104,0.0
1500593139658,61032416,2764.5108,0.0
1500593139658,61032416,2764.511,0.19563235
1500593139669,61032417,2755.9396,30.0
1500593139669,61032417,2751.2562,0.0
1500593139670,61032418,2732.5109,0.14573369
1500593139707,61032419,2751.35,0.26
1500593139805,61032420,2755.3361,0.12940905
1500593139833,61032422,2764.5104,0.21990832
1500593139833,61032422,2764.5109,0.0
1500593140011,61032423,2764.5111,0.21990832
1500593140011,61032423,2764.5104,0.0
1500593140019,61032424,2764.511,0.0
1500593140019,61032424,2764.5112,0.19563235
1500593140195,61032425,2764.5104,0.21990832
1500593140195,61032425,2764.5111,0.0
1500593140222,61032426,2757.3301,0.0
1500593140371,61032427,2764.5113,0.21990832
1500593140371,61032427,2764.5104,0.0
1500593140379,61032428,2764.5112,0.0
1500593140379,61032428,2764.5114,0.19563235
1500593140457,61032429,2747.55,0.26
1500593140457,61032429,2751.35,0.0
1500593140556,61032430,2764.5104,0.21990832
1500593140556,61032430,2764.5113,0.0
1500593140557,61032431,2757.3309,0.0
1500593140557,61032431,2764.5115,0.05053742
1500593140733,61032432,2764.5115,0.27044574
1500593140733,61032432,2764.5104,0.0
1500593140742,61032433,2764.5114,0.0
1500593140742,61032433,2764.5116,0.19563235
1500593140900,61032435,2764.5103,0.0
1500593140900,61032435,2767.8465,6.51637121
1500593140954,61032437,2764.5115,0.05053742
1500593140954,61032437,2764.5116,0.41549855
1500593141064,61032439,2764.5116,0.2198662
1500593141064,61032439,2764.5117,0.19563235
1500593141130,61032440,2764.5116,0.0
1500593141690,61032442,2731.6363,0.0
1500593142233,61032444,2755.3361,0.0
1500593142399,61032445,2755.9397,0.12937906
1500593142560,61032446,2764.5115,0.0
1500593142560,61032446,2767.8466,0.05053742
1500593142568,61032447,2757.3201,0.19563235
1500593142568,61032447,2764.5117,0.0
1500593142883,61032450,2755.9396,0.0
1500593142883,61032450,2757.9354,30.0
1500593142894,61032451,2757.3201,0.0
1500593142894,61032451,2757.9355,0.19563235
1500593143672,61032453,2738.5367,0.14541302
1500593144516,61032457,2755.9397,0.0
1500593144891,61032458,2757.9355,0.32491614
1500593144911,61032459,2757.9356,0.19563235
1500593144911,61032459,2757.9355,0.12928379
1500593145521,61032461,2767.8364,0.01
1500593145522,61032462,2747.4583,0.0
1500593145820,61032464,2767.8467,0.01
1500593145820,61032465,2755.0597,1.67762989
1500593145938,61032466,2745.87,0.261
1500593145938,61032466,2747.55,0.0
1500593146180,61032468,2741,0.0
1500593146466,61032469,2767.8468,0.05053742
1500593146466,61032469,2767.8466,0.0
1500593146670,61032471,2756.0439,30.0
1500593146670,61032471,2757.9354,0.0
1500593147721,61032473,2764.5197,6.52421295
1500593147721,61032473,2767.8465,0.0
1500593147795,61032476,2757.9356,0.0
1500593147795,61032476,2764.5198,0.19563235
1500593148809,61032481,2733.9676,0.14565604
1500593149216,61032484,2757.9355,0.0
1500593149456,61032485,2756.044,0.1293745
1500593149717,61032487,2758.0498,30.0
1500593149717,61032487,2756.0439,0.0
1500593150683,61032490,2764.5197,0.0
1500593150683,61032490,2767.8287,6.51641311
1500593150692,61032491,2764.5198,0.0
1500593150692,61032491,2758.0499,0.19563235
1500593150775,61032492,2728.194,0.0
1500593151762,61032495,2740.4625,0.14531083
1500593153287,61032500,2758.0499,0.0
1500593153287,61032500,2767.8288,0.19563235
1500593153752,61032501,2771.17,5.64191441
1500593153752,61032501,2767.8287,0.0
1500593153764,61032502,2767.8469,0.19563235
1500593153764,61032502,2767.8288,0.0
1500593153989,61032504,2756.044,0.0
1500593154326,61032507,2758.0499,0.48075439
1500593154524,61032508,2771.1701,0.05053742
1500593154524,61032508,2767.8468,0.0
1500593155957,61032510,2734.4897,0.14409397
1500593156323,61032511,2745.87,0.0
1500593156679,61032514,2762.3223,30.0
1500593156679,61032514,2758.0498,0.0
1500593157699,61032518,2731.0747,0.0
1500593158359,61032520,2758.0499,0.0
1500593158814,61032521,2771.17,0.0
1500593158815,61032522,2762.3224,0.48001181
1500593158815,61032523,2741.0734,0.14527845
1500593158830,61032525,2762.3224,0.67564416
1500593158830,61032525,2767.8469,0.0
1500593158888,61032526,2762.3224,0.48001181
1500593158888,61032526,2762.3225,0.19563235
1500593159133,61032527,2767.8469,0.05350729
1500593159157,61032528,2762.3225,0.0
1500593159157,61032528,2767.847,0.19563235
1500593159437,61032530,2771.1701,0.0
1500593159437,61032530,2767.8471,0.05053742
1500593159611,61032531,2767.8471,0.27006563
1500593159620,61032532,2767.847,0.0
1500593159620,61032532,2767.8472,0.19563235
1500593159674,61032533,2762.3223,0.0
1500593159674,61032533,2759.4389,30.0
1500593159788,61032535,2767.8472,0.41516056
1500593159788,61032535,2767.8471,0.05053742
1500593159797,61032536,2767.8472,0.21952821
1500593159797,61032536,2767.8473,0.19563235
1500593159965,61032537,2767.8472,0.0
1500593159965,61032537,2767.8473,0.41516056
1500593159975,61032538,2767.8474,0.19563235
1500593159975,61032538,2767.8473,0.21952821
1500593160102,61032539,2767.8364,0.0
1500593160144,61032540,2767.8473,0.0
1500593160144,61032541,2767.8474,0.41516056
1500593160154,61032542,2767.8475,0.19563235
1500593160154,61032542,2767.8474,0.21952821
1500593160323,61032543,2767.8472,0.21952821
1500593160323,61032543,2767.8474,0.0
1500593160503,61032544,2767.8472,0.0
1500593160503,61032544,2767.8476,0.21952821
1500593160510,61032545,2767.8475,0.0
1500593160510,61032545,2767.8477,0.19563235
1500593160685,61032546,2767.8472,0.21952821
1500593160685,61032546,2767.8476,0.0
1500593160863,61032547,2767.8472,0.0
1500593160863,61032547,2767.8478,0.21952821
1500593160871,61032548,2767.8479,0.19563235
1500593160871,61032548,2767.8477,0.0
1500593161066,61032549,2767.848,0.21952821
1500593161066,61032549,2767.8478,0.0
1500593161086,61032550,2767.8479,0.0
1500593161086,61032550,2767.8481,0.19563235
1500593161261,61032551,2767.8472,0.21952821
1500593161261,61032551,2767.848,0.0
1500593161439,61032552,2767.8472,0.0
1500593161439,61032552,2767.8482,0.21952821
1500593161448,61032553,2767.8483,0.19563235
1500593161448,61032553,2767.8481,0.0
1500593161526,61032554,2767.8578,0.41
1500593161531,61032555,2767.8484,0.05053742
1500593161531,61032555,2767.8471,0.0
1500593161543,61032556,2767.8483,0.0
1500593161543,61032556,2767.8579,0.19563235
1500593161619,61032557,2771.16,0.01
1500593161623,61032558,2767.8482,0.0
1500593161623,61032558,2767.8484,0.27006563
1500593161801,61032559,2767.8484,0.05053742
1500593162008,61032561,2736.8294,0.14550373
1500593162340,61032562,2757.32,0.0
1500593162642,61032565,2762.3226,0.1610746
1500593163533,61032568,2771.1601,0.05053742
1500593163533,61032568,2767.8484,0.0
1500593164006,61032571,2749.0885,30.0
1500593164006,61032571,2759.4389,0.0
1500593164007,61032572,2762.3224,0.0
1500593164276,61032573,2759.439,0.48051439
1500593164304,61032574,2767.8578,0.0
1500593164810,61032575,2755.0597,0.0
1500593164811,61032576,2741.6957,0.14524547
1500593165049,61032579,2751.4032,1.67985723
1500593165798,61032581,2749.18,0.284
1500593166538,61032583,2759.439,0.0
1500593166713,61032584,2755.3361,0.4812273
1500593168257,61032588,2762.6624,30.0
1500593168257,61032588,2749.0885,0.0
1500593170045,61032593,2745.87,0.285
1500593170045,61032593,2749.18,0.0
1500593170046,61032596,2755.3361,0.0
1500593170154,61032597,2746.9937,0.14496534
1500593170252,61032600,2762.6625,0.47995213
1500593170888,61032601,2762.6624,0.0
1500593170888,61032601,2765.8619,29.99999999
1500593170888,61032602,2745.87,0.0
1500593170888,61032602,2747.09,0.285
1500593171380,61032605,2757.2695,0.01
1500593171938,61032606,2695.574,0.0
1500593172473,61032608,2747.09,0.0
1500593172473,61032608,2751.5,0.284
1500593172524,61032609,2695.574,0.60407
1500593172703,61032610,2735.7773,0.0
1500593173063,61032611,2747.09,0.285
1500593173063,61032611,2751.5,0.0
1500593173576,61032614,2762.6625,0.0
1500593173765,61032616,2755.3361,0.48122933
1500593173926,61032617,2762.6627,1.27491858
1500593175671,61032619,2753.3821,0.144629
1500593175706,61032621,2755.3361,0.0
1500593176082,61032623,2747.09,0.0
1500593176082,61032623,2751.5,0.284
1500593176082,61032624,2765.862,0.47939895
1500593176325,61032626,2771.1603,0.10825429
1500593176340,61032627,2767.8579,0.0
1500593176340,61032627,2771.1604,0.20914082
1500593176502,61032628,2771.1605,0.05053742
1500593176502,61032628,2771.1601,0.0
1500593176702,61032629,2765.8619,0.0
1500593176702,61032629,2768.008,30.0
1500593177709,61032632,2732.5109,0.0
1500593177985,61032634,2747.09,0.285
1500593177985,61032634,2751.5,0.0
1500593178367,61032636,2765.862,0.0
1500593178815,61032637,2768.0081,0.47902466
1500593178816,61032639,2747.09,0.0
1500593178816,61032639,2757.36,0.284
1500593178816,61032640,2768.008,0.0
1500593178816,61032640,2763.9964,29.99999999
1500593181215,61032642,2700.3003,0.04618455
1500593181736,61032644,2738.5367,0.0
1500593182029,61032646,2768.0081,0.0
1500593182621,61032648,2763.9965,0.47972092
1500593185399,61032656,2771.1606,0.01
1500593185770,61032657,2771.7001,0.025
1500593185777,61032658,2771.1604,0.0
1500593185777,61032658,2771.1606,0.21914082
1500593185997,61032659,2758.9517,30.0
1500593185997,61032659,2763.9964,0.0
1500593186324,61032660,2759.05,0.283
1500593186324,61032660,2757.36,0.0
1500593186439,61032662,2771.1605,0.0
1500593186439,61032662,2771.7002,0.05053742
1500593186450,61032663,2771.7002,0.25967824
1500593186450,61032663,2771.1606,0.01
1500593186573,61032664,2751.4032,0.0
1500593186666,61032665,2733.9676,0.0
1500593187628,61032671,2760.8879,1.67408774
1500593188332,61032673,2746.8887,0.14497089
1500593188811,61032676,2759.05,0.0
1500593188811,61032676,2762.76,0.283
1500593188927,61032678,2781.0558,28.77108237
1500593188927,61032678,2758.9517,0.0
1500593188937,61032679,2781.0559,0.20914082
1500593188937,61032679,2771.7002,0.05053742
1500593189176,61032682,2781.0558,28.40706328
1500593189176,61032682,2781.0559,0.0
1500593189330,61032683,2763.9965,0.0
1500593189337,61032684,2781.0559,0.20914082
1500593189363,61032686,2781.0559,0.0
1500593189443,61032687,2781.0558,28.35652586
1500593189443,61032688,2781.0558,28.33152586
1500593189464,61032689,2781.0559,0.18171836
1500593189492,61032690,2781.0559,0.23225578
1500593189492,61032690,2771.7002,0.0
1500593189602,61032691,2771.16,0.0
1500593189603,61032692,2762.6628,0.47995352
1500593190057,61032694,2771.0429,0.9858474
1500593190118,61032695,2781.0561,0.07596754
1500593190127,61032696,2781.0562,0.18171836
1500593190127,61032696,2781.0559,0.05053742
1500593190166,61032697,2781.15,0.281
1500593190166,61032697,2762.76,0.0
1500593190175,61032698,2781.0562,0.0
1500593190175,61032698,2781.1501,0.18171836
1500593190672,61032700,2753.8877,0.14460244
1500593190741,61032701,2771.6902,0.01
1500593191342,61032702,2767.94,0.283
1500593191342,61032702,2781.15,0.0
1500593191491,61032703,2781.1502,0.05053742
1500593191491,61032703,2781.0559,0.0
1500593192701,61032704,2740.4625,0.0
1500593193365,61032705,2695.574,0.0
1500593193460,61032707,2781.23,0.01
1500593193547,61032708,2781.1503,0.1696326
1500593193556,61032709,2781.1501,0.0
1500593193556,61032709,2781.1504,0.18171836
1500593193737,61032710,2781.1505,0.1696326
1500593193737,61032710,2781.1503,0.0
1500593193745,61032711,2781.1506,0.18171836
1500593193745,61032711,2781.1504,0.0
1500593193929,61032712,2781.1505,0.0
1500593193929,61032712,2781.1507,0.1696326
1500593193942,61032713,2781.1508,0.18171836
1500593193942,61032713,2781.1506,0.0
1500593194116,61032714,2781.1509,0.1696326
1500593194116,61032714,2781.1507,0.0
1500593194126,61032715,2781.151,0.18171836
1500593194126,61032715,2781.1508,0.0
1500593194303,61032716,2781.1511,0.1696326
1500593194303,61032716,2781.1509,0.0
1500593194311,61032717,2781.1512,0.18171836
1500593194311,61032717,2781.151,0.0
1500593194386,61032718,2708.7,0.60407
1500593194486,61032719,2781.1513,0.1696326
1500593194486,61032719,2781.1511,0.0
1500593194495,61032720,2781.1512,0.0
1500593194495,61032720,2781.1514,0.18171836
1500593194514,61032721,2781.1502,0.0
1500593194514,61032721,2781.2301,0.05053742
1500593194670,61032722,2781.1503,0.1696326
1500593194670,61032722,2781.1513,0.0
1500593195172,61032725,2781.2302,0.1696326
1500593195172,61032725,2781.1503,0.0
1500593195180,61032726,2781.1514,0.0
1500593195180,61032726,2781.2303,0.18171836
1500593195357,61032727,2781.2304,0.1696326
1500593195357,61032727,2781.2302,0.0
1500593195366,61032728,2781.2305,0.18171836
1500593195366,61032728,2781.2303,0.0
1500593195546,61032730,2781.2306,0.1696326
1500593195546,61032730,2781.2304,0.0
1500593195557,61032731,2781.2305,0.0
1500593195557,61032731,2781.2307,0.20914082
1500593195711,61032732,2734.4897,0.0
1500593195736,61032733,2781.2302,0.1696326
1500593195736,61032733,2781.2306,0.0
1500593195913,61032734,2781.2308,0.1696326
1500593195913,61032734,2781.2302,0.0
1500593195922,61032735,2781.2309,0.20914082
1500593195922,61032735,2781.2307,0.0
1500593196097,61032736,2781.231,0.1696326
1500593196097,61032736,2781.2308,0.0
1500593196105,61032737,2781.2309,0.0
1500593196105,61032737,2781.2311,0.20914082
1500593196279,61032739,2781.2302,0.1696326
1500593196279,61032739,2781.231,0.0
1500593196493,61032740,2781.2312,0.1696326
1500593196493,61032740,2781.2302,0.0
1500593196499,61032741,2781.2301,0.0
1500593196499,61032741,2781.2312,0.22017002
1500593196501,61032742,2781.2313,0.20914082
1500593196501,61032742,2781.2311,0.0
1500593196666,61032743,2781.0558,0.0
1500593196678,61032744,2781.2313,0.37895315
1500593196678,61032744,2781.2312,0.05053742
1500593196687,61032745,2781.2313,0.16981233
1500593196687,61032745,2781.2314,0.20914082
1500593196860,61032746,2781.2313,0.0
1500593196860,61032746,2781.2314,0.37895315
1500593197023,61032747,2781.2315,0.20914082
1500593197023,61032747,2781.2314,0.16981233
1500593197040,61032748,2781.2315,0.37895315
1500593197040,61032748,2781.2314,0.0
1500593197051,61032749,2781.2316,0.20914082
1500593197051,61032749,2781.2315,0.16981233
1500593197217,61032750,2781.2316,0.37895315
1500593197217,61032750,2781.2315,0.0
1500593197237,61032751,2781.2316,0.16981233
1500593197237,61032751,2781.2317,0.20914082
1500593197394,61032752,2781.2316,0.0
1500593197394,61032752,2781.2317,0.37895315
1500593197412,61032753,2781.2317,0.16981233
1500593197412,61032753,2781.2318,0.20914082
1500593197570,61032755,2781.2317,0.0
1500593197570,61032755,2781.2318,0.37895315
1500593197577,61032756,2781.2319,0.20914082
1500593197577,61032756,2781.2318,0.16981233
1500593197745,61032758,2781.2319,0.37895315
1500593197745,61032758,2781.2318,0.0
1500593197752,61032759,2781.2319,0.16981233
1500593197752,61032759,2781.232,0.20914082
1500593197922,61032760,2781.2319,0.0
1500593197922,61032760,2781.232,0.37895315
1500593197930,61032761,2781.2321,0.20914082
1500593197930,61032761,2781.232,0.16981233
1500593198099,61032763,2781.2321,0.37895315
1500593198099,61032763,2781.232,0.0
1500593198108,61032764,2781.2322,0.20914082
1500593198108,61032764,2781.2321,0.16981233
1500593198279,61032765,2781.2322,0.37895315
1500593198279,61032765,2781.2321,0.0
1500593198292,61032766,2781.2323,0.20914082
1500593198292,61032766,2781.2322,0.16981233
1500593198292,61032767,2771.8,0.282
1500593198292,61032767,2767.94,0.0
1500593198455,61032768,2781.2323,0.37895315
1500593198455,61032768,2781.2322,0.0
1500593198466,61032769,2781.2323,0.16981233
1500593198466,61032769,2781.2324,0.20914082
1500593198594,61032770,2781.2325,0.05053742
1500593198594,61032770,2781.2312,0.0
1500593198635,61032771,2781.2323,0.0
1500593198635,61032771,2781.2324,0.37895315
1500593198644,61032772,2781.2324,0.16981233
1500593198644,61032772,2781.2325,0.25967824
1500593198817,61032773,2771.6902,0.0
1500593198819,61032775,2781.2324,0.0
1500593198819,61032775,2781.2326,0.16981233
1500593198831,61032776,2781.2327,0.20914082
1500593198831,61032776,2781.2325,0.05053742
1500593199009,61032777,2781.2328,0.16981233
1500593199009,61032777,2781.2326,0.0
1500593199027,61032778,2781.2327,0.0
1500593199027,61032778,2781.2329,0.20914082
1500593199202,61032779,2781.2326,0.16981233
1500593199202,61032779,2781.2328,0.0
1500593199379,61032780,2781.233,0.16981233
1500593199379,61032780,2781.2326,0.0
1500593199385,61032781,2781.2331,0.19718381
1500593199385,61032781,2781.2329,0.0
1500593199667,61032782,2741.0734,0.0
1500593199690,61032784,2781.233,0.0
1500593199690,61032784,2781.2332,0.16960704
1500593199700,61032785,2781.2333,0.19718381
1500593199700,61032785,2781.2331,0.0
1500593199879,61032786,2781.2334,0.16960704
1500593199879,61032786,2781.2332,0.0
1500593199892,61032787,2781.2335,0.19718381
1500593199892,61032787,2781.2333,0.0
1500593199999,61032788,2781.2335,0.25043356
1500593199999,61032788,2767.8469,0.0
1500593200067,61032789,2781.2336,0.16960704
1500593200067,61032789,2781.2334,0.0
1500593200075,61032790,2781.2337,0.19718381
1500593200075,61032790,2781.2335,0.05324975
1500593200160,61032791,2781.2216,0.01
1500593200586,61032793,2781.2338,0.05053742
1500593200586,61032793,2781.2325,0.0
1500593201732,61032794,2749.4857,0.14483395
1500593202007,61032795,2762.3226,0.0
1500593202007,61032795,2781.234,0.15997935
1500593202018,61032796,2781.2337,0.0
1500593202018,61032796,2781.2341,0.19718381
1500593202478,61032797,2781.2342,0.05053742
1500593202478,61032797,2781.2338,0.0
1500593203496,61032800,2759.578,8.804
1500593203703,61032801,2736.8294,0.0
1500593204039,61032802,2760.8879,0.0
1500593204238,61032803,2748.1616,1.68184162
1500593204702,61032804,2771.8002,0.2713868
1500593204702,61032805,2748.598,2.091
1500593206799,61032810,2741.6957,0.0
1500593206854,61032812,2759.578,0.0
1500593207022,61032813,2771.8002,0.70028005
1500593207906,61032815,2771.8,0.0
1500593207906,61032815,2781.33,0.281
1500593207921,61032816,2781.3301,0.19718381
1500593207921,61032816,2781.2341,0.0
1500593207921,61032817,2781.2336,0.0
1500593207922,61032818,2758.3075,0.12390147
1500593208318,61032819,2781.3302,0.1698587
1500593208352,61032820,2781.3303,0.19718381
1500593208352,61032820,2781.3301,0.0
1500593208433,61032821,2781.2342,0.0
1500593208433,61032821,2781.3304,0.05053742
1500593208501,61032822,2781.3302,0.0
1500593208501,61032822,2781.3304,0.22039612
1500593208510,61032823,2781.3305,0.19718381
1500593208510,61032823,2781.3303,0.0
1500593208806,61032825,2781.3304,0.05053742
1500593208806,61032825,2781.3305,0.36700468
1500593208847,61032826,2781.3306,0.19718381
1500593208847,61032826,2781.3305,0.16982087
1500593208978,61032827,2781.3306,0.36700468
1500593208978,61032827,2781.3305,0.0
1500593208992,61032828,2781.3307,0.19718381
1500593208992,61032828,2781.3306,0.16982087
1500593209149,61032829,2781.3307,0.36700468
1500593209149,61032829,2781.3306,0.0
1500593209160,61032830,2781.3308,0.19718381
1500593209160,61032830,2781.3307,0.16982087
1500593209324,61032831,2781.3308,0.36700468
1500593209324,61032831,2781.3307,0.0
1500593209332,61032832,2781.3308,0.16982087
1500593209332,61032832,2781.3309,0.19718381
1500593209497,61032833,2781.3308,0.0
1500593209497,61032833,2781.3309,0.36700468
1500593209504,61032834,2781.331,0.19718381
1500593209504,61032834,2781.3309,0.16982087
1500593209671,61032835,2781.331,0.36700468
1500593209671,61032835,2781.3309,0.0
1500593209680,61032836,2781.331,0.16982087
1500593209680,61032836,2781.3311,0.19718381
1500593209729,61032837,2789.2101,0.01865606
1500593209844,61032838,2781.331,0.0
1500593209844,61032838,2781.3311,0.36700468
1500593209851,61032839,2781.3312,0.19718381
1500593209851,61032839,2781.3311,0.16982087
1500593209937,61032840,2771.7003,1.27076149
1500593209937,61032840,2762.6627,0.0
1500593209944,61032841,2756.9475,0.01025047
1500593210015,61032842,2781.3311,0.0
1500593210465,61032844,2781.3304,0.0
1500593211129,61032846,2762.6628,0.0
1500593211303,61032848,2755.3361,0.48123077
1500593212063,61032850,2781.3314,0.10785842
1500593212063,61032850,2771.1603,0.0
1500593212073,61032851,2781.3315,0.19718381
1500593212073,61032851,2781.3312,0.0
1500593212779,61032852,2746.9937,0.0
1500593213668,61032853,2761.3284,0.14421279
1500593214755,61032858,2781.2216,0.0
1500593215587,61032859,2771.7003,3.37663903
1500593215702,61032860,2764.8919,0.14402693
1500593216426,61032861,2789.2,0.01
1500593217608,61032863,2792.9486,4.68645522
1500593217609,61032864,2781.3315,0.0
1500593217609,61032864,2792.9487,0.19718381
1500593217700,61032865,2753.3821,0.0
1500593217794,61032866,2792.9486,4.65574557
1500593217794,61032866,2792.9487,0.0
1500593217815,61032867,2781.33,0.0
1500593217815,61032867,2793.04,0.28
1500593217815,61032868,2769.5601,0.01
1500593217823,61032869,2793.0401,0.19718381
1500593218469,61032872,2793.0402,0.04997255
1500593220149,61032875,2761.5879,0.14419924
1500593220845,61032876,2771.7003,5.14518338
1500593221327,61032878,2755.3361,0.0
1500593221872,61032880,2771.7004,0.47838695
1500593221882,61032881,2765.719,0.14398386
1500593222223,61032883,2789.2101,0.0
1500593222303,61032884,2781.23,0.0
1500593222536,61032885,2792.9486,0.0
1500593222778,61032887,2793.04,0.0
1500593222778,61032887,2789.29,0.28
1500593222787,61032888,2793.0401,0.0
1500593222787,61032888,2789.2901,0.19718381
1500593222971,61032889,2789.2902,0.04997255
1500593222971,61032889,2793.0402,0.0
1500593223144,61032891,2789.2903,0.16927791
1500593223148,61032892,2771.7006,0.44674017
1500593223154,61032893,2789.2904,0.19718381
1500593223154,61032893,2789.2901,0.0
1500593223175,61032894,2789.2902,0.0
1500593223175,61032894,2789.2904,0.24715636
1500593223326,61032895,2789.2905,0.16927791
1500593223326,61032895,2789.2903,0.0
1500593223344,61032896,2789.2904,0.04997255
1500593223344,61032896,2789.2906,0.19718381
1500593223397,61032897,2789.2904,0.0
1500593223397,61032897,2789.2907,0.04997255
1500593223517,61032898,2789.2907,0.21925046
1500593223517,61032898,2789.2905,0.0
1500593223525,61032899,2789.2908,0.19718381
1500593223525,61032899,2789.2906,0.0
1500593223598,61032900,2789.2907,0.16927791
1500593223598,61032900,2789.2909,0.04997255
1500593223692,61032901,2789.2907,0.0
1500593223692,61032901,2789.2908,0.36649688
1500593223699,61032902,2769.022,0.14381211
1500593223700,61032903,2789.2909,0.24715636
1500593223700,61032903,2789.2908,0.16931307
1500593223869,61032904,2789.291,0.16931307
1500593223869,61032904,2789.2908,0.0
1500593223877,61032905,2789.2909,0.04997255
1500593223877,61032905,2789.2911,0.19718381
1500593224049,61032906,2789.2909,0.0
1500593224049,61032906,2789.2912,0.04997255
1500593224067,61032907,2789.2912,0.21928562
1500593224067,61032907,2789.291,0.0
1500593224067,61032908,2789.2911,0.0
1500593224067,61032908,2789.2913,0.19718381
1500593224135,61032909,2789.2,0.0
1500593224230,61032910,2789.2913,0.36649688
1500593224230,61032910,2789.2912,0.04997255
1500593224237,61032911,2789.2914,0.19718381
1500593224237,61032911,2789.2913,0.16931307
1500593224309,61032912,2748.1616,0.0
1500593224403,61032913,2789.2914,0.36649688
1500593224403,61032913,2789.2913,0.0
1500593224414,61032914,2789.2915,0.19718381
1500593224414,61032914,2789.2914,0.16931307
1500593224468,61032915,2789.29,0.0
1500593224468,61032915,2781.43,0.281
1500593224508,61032916,2753.1293,1.67880477
1500593224575,61032918,2789.2915,0.36649688
1500593224575,61032918,2789.2914,0.0
1500593224583,61032919,2789.2915,0.16931307
1500593224583,61032919,2789.2916,0.19718381
1500593224749,61032920,2789.2915,0.0
1500593224749,61032920,2789.2916,0.36649688
1500593224790,61032921,2789.2917,0.19718381
1500593224790,61032921,2789.2916,0.16931307
1500593224924,61032922,2789.2917,0.36649688
1500593224924,61032922,2789.2916,0.0
1500593224932,61032923,2789.2918,0.19718381
1500593224932,61032923,2789.2917,0.16931307
1500593225055,61032924,2789.39,0.28
1500593225055,61032924,2781.43,0.0
1500593225074,61032925,2789.3901,0.19718381
1500593225074,61032925,2789.2918,0.0
1500593225095,61032926,2789.2918,0.16931307
1500593225095,61032926,2789.2917,0.0
1500593225205,61032927,2795.6408,0.06554859
1500593225265,61032928,2789.3902,0.16931307
1500593225265,61032928,2789.2918,0.0
1500593225274,61032929,2789.3901,0.0
1500593225274,61032929,2789.3903,0.19718381
1500593225437,61032931,2789.3902,0.0
1500593225497,61032932,2793.0301,0.01
1500593225497,61032933,2775.6409,0.01
1500593225506,61032934,2789.3903,0.0
1500593225506,61032934,2793.0302,0.19718381
1500593225599,61032935,2789.2912,0.0
1500593225736,61032936,2760.3219,0.14426538
1500593225899,61032937,2789.39,0.0
1500593225899,61032937,2793.13,0.28
1500593225907,61032938,2793.1301,0.19718381
1500593225907,61032938,2793.0302,0.0
1500593226802,61032939,2708.7,0.0
1500593227035,61032940,2771.7004,0.0
1500593227241,61032941,2755.3361,0.48122916
1500593227242,61032942,2722.4952,0.60407
1500593227920,61032943,2781.0561,0.0
1500593227920,61032943,2775.6411,0.07611575
1500593228060,61032944,2776.4279,0.1434285
1500593229793,61032945,2746.8887,0.0
1500593231681,61032946,2781.0478,0.14319023
1500593231694,61032947,2793.1301,0.0
1500593231694,61032947,2793.13,0.04273577
1500593231694,61032947,2795.6408,0.0
1500593231866,61032948,2793.1301,0.16912109
1500593231890,61032949,2793.1302,0.19378373
1500593231980,61032951,2793.1303,0.04995163
1500593232049,61032952,2793.1301,0.0
1500593232049,61032952,2793.1303,0.21907272
1500593232057,61032953,2793.1304,0.19378373
1500593232057,61032953,2793.1302,0.0
1500593232226,61032954,2793.1303,0.04995163
1500593232226,61032954,2793.1304,0.36290482
1500593232232,61032955,2793.1304,0.16912109
1500593232232,61032955,2793.1305,0.19378373
1500593232394,61032957,2793.1304,0.0
1500593232394,61032957,2793.1305,0.36290482
1500593232418,61032958,2793.1306,0.19378373
1500593232418,61032958,2793.1305,0.16912109
1500593232564,61032959,2793.1305,0.0
1500593233404,61032960,2793.0301,0.0
1500593233546,61032961,2793.1303,0.0
1500593233546,61032961,2793.1307,0.04995163
1500593233810,61032962,2753.8877,0.0
1500593233895,61032963,2793.13,0.0
1500593233895,61032963,2781.43,0.281
1500593233903,61032964,2781.4301,0.19378373
1500593233903,61032964,2793.1306,0.0
1500593234462,61032965,2793.23,0.28
1500593234462,61032965,2781.43,0.0
1500593234506,61032966,2781.4301,0.0
1500593234506,61032966,2793.1308,0.19378373
1500593234697,61032968,2776.7004,0.14341442
1500593234737,61032969,2793.1203,0.01
1500593235438,61032970,2793.2301,0.04995163
1500593235438,61032970,2793.1307,0.0
1500593235449,61032971,2793.1308,0.0
1500593235449,61032971,2793.1204,0.19378373
1500593235609,61032972,2793.2302,0.16919492
1500593235728,61032973,2793.23,0.0
1500593235728,61032973,2793.22,0.28
1500593236330,61032974,2793.33,0.28
1500593236330,61032974,2793.22,0.0
1500593236500,61032975,2793.2302,0.0
1500593236500,61032975,2793.3301,0.16919492
1500593236667,61032976,2770.7046,0.14372477
1500593237271,61032977,2781.048,0.05325331
1500593237271,61032977,2781.2335,0.0
1500593237356,61032978,2793.2301,0.05995163
1500593237413,61032979,2793.3302,0.04995163
1500593237413,61032979,2793.2301,0.01
1500593237587,61032980,2793.3301,0.0
1500593237587,61032980,2793.3303,0.16919492
1500593238830,61032981,2782.3511,0.14312316
1500593239407,61032982,2793.3304,0.04995163
1500593239407,61032982,2793.3302,0.0
1500593239581,61032983,2793.3305,0.1691919
1500593239581,61032983,2793.3303,0.0
1500593240105,61032984,2782.3513,0.1599151
1500593240105,61032984,2781.234,0.0
1500593241104,61032986,2786.8104,0.14289414
1500593241159,61032987,2792.9891,23.84090044
1500593241414,61032988,2793.3306,0.04995163
1500593241414,61032988,2793.3304,0.0
1500593241646,61032989,2793.3305,0.0
1500593241646,61032989,2793.3307,0.16915618
1500593242076,61032990,2755.3361,0.0
1500593242241,61032991,2771.7004,0.47838896
1500593242747,61032992,2771.8002,0.42889325
1500593242747,61032992,2782.3513,0.43027276
1500593242935,61032994,2793.1203,0.0
1500593242959,61032995,2792.9892,0.19378373
1500593242959,61032995,2793.1204,0.0
1500593243532,61032996,2793.3308,0.04995163
1500593243532,61032996,2793.3306,0.0
1500593243667,61032997,2749.4857,0.0
1500593243723,61032998,2793.3307,0.0
1500593243723,61032998,2793.3309,0.16915618
1500593243748,61032999,2755.336,0.0
1500593243748,61032999,2727.172,3.89
1500593244207,61033001,2793.3204,0.01
1500593244763,61033002,2792.9891,0.0
1500593244763,61033002,2795.9776,18.96451308
1500593244782,61033003,2792.9892,0.0
1500593244782,61033003,2795.9777,0.19378373
1500593244802,61033004,2785.242,0.14297461
1500593244935,61033005,2793.3309,0.0
1500593245120,61033006,2748.598,0.0
1500593245120,61033006,2602.79,2.091
1500593245175,61033007,2771.8002,0.0
1500593245175,61033007,2795.9779,0.42518448
1500593245184,61033008,2795.9777,0.0
1500593245184,61033008,2795.978,0.19378373
1500593245291,61033010,2793.33,0.0
1500593245291,61033010,2796.07,0.28
1500593245300,61033011,2796.0701,0.19378373
1500593245300,61033011,2795.978,0.0
1500593245495,61033012,2753.1293,0.0
1500593245497,61033013,2796.0702,0.04995163
1500593245497,61033013,2793.3308,0.0
1500593246005,61033014,2773.5449,1.66644882
1500593246677,61033015,2768.5017,0.14383913
1500593246864,61033016,2771.7004,0.0
1500593246874,61033017,2745.773,0.0
1500593246874,61033017,2690.166,3.894
1500593247070,61033018,2773.545,0.4780682
1500593247300,61033019,2796.0704,1.25968574
1500593247300,61033019,2771.7003,3.87442189
1500593247314,61033020,2796.0701,0.0
1500593247314,61033020,2796.0705,0.19378373
1500593248347,61033022,2784.305,6.122
1500593248388,61033023,2796.0706,0.16832151
1500593248396,61033024,2796.0705,0.0
1500593248396,61033024,2796.0707,0.19378373
1500593248410,61033025,2796.0702,0.0
1500593248410,61033025,2796.0706,0.21827314
1500593248566,61033026,2796.0705,0.16832151
1500593248566,61033026,2796.0706,0.04995163
1500593248827,61033027,2796.0705,0.0
1500593248827,61033027,2796.0708,0.16832151
1500593248834,61033028,2796.0709,0.19378373
1500593248834,61033028,2796.0707,0.0
1500593248850,61033029,2785.4912,0.14296182
1500593249005,61033030,2796.071,0.16832151
1500593249005,61033030,2796.0708,0.0
1500593249013,61033031,2796.0711,0.19378373
1500593249013,61033031,2796.0709,0.0
1500593249184,61033032,2796.0712,0.16832151
1500593249184,61033032,2796.071,0.0
1500593249192,61033033,2796.0713,0.19378373
1500593249192,61033033,2796.0711,0.0
1500593249369,61033034,2796.0712,0.0
1500593249369,61033034,2796.0714,0.16832151
1500593249418,61033035,2796.0713,0.0
1500593249418,61033035,2796.0715,0.19378373
1500593249594,61033037,2796.0714,0.0
1500593249594,61033037,2796.0705,0.16832151
1500593249760,61033038,2796.0705,0.0
1500593249760,61033038,2796.0716,0.16832151
1500593249771,61033039,2796.0715,0.0
1500593249771,61033039,2796.0717,0.19378373
1500593249950,61033040,2796.0716,0.0
1500593249950,61033040,2796.0705,0.16832151
1500593250121,61033041,2796.0705,0.0
1500593250121,61033041,2796.0718,0.16832151
1500593250129,61033042,2796.0717,0.0
1500593250129,61033042,2796.0719,0.19378373
1500593250335,61033043,2796.0707,0.16832151
1500593250335,61033043,2796.0718,0.0
1500593250336,61033044,2773.545,0.0
1500593250336,61033045,2781.3314,0.0
1500593250336,61033045,2796.0719,0.30107353
1500593250336,61033046,2796.0719,0.1072898
1500593250336,61033046,2796.072,0.19378373
1500593250473,61033047,2796.072,0.36210524
1500593250473,61033047,2796.0707,0.0
1500593250481,61033048,2796.0721,0.19378373
1500593250481,61033048,2796.072,0.16832151
1500593250515,61033049,2796.0722,0.04995163
1500593250515,61033049,2796.0706,0.0
1500593250644,61033050,2796.0721,0.36210524
1500593250644,61033050,2796.072,0.0
1500593250653,61033051,2796.0722,0.24373536
1500593250653,61033051,2796.0721,0.16832151
1500593250668,61033052,2796.0705,0.47421782
1500593250769,61033053,2771.0429,0.0
1500593250802,61033054,2758.3075,0.0
1500593250817,61033055,2796.0723,0.16832151
1500593250817,61033055,2796.0721,0.0
1500593250835,61033056,2796.0722,0.04995163
1500593250835,61033056,2796.0724,0.19378373
1500593251008,61033057,2796.0723,0.0
1500593251008,61033057,2796.0725,0.16858439
1500593251043,61033058,2796.0726,0.19378373
1500593251043,61033058,2796.0724,0.0
1500593251217,61033059,2796.0725,0.0
1500593251217,61033059,2796.0727,0.16858439
1500593251225,61033060,2796.0728,0.19378373
1500593251225,61033060,2796.0726,0.0
1500593251395,61033061,2796.0727,0.0
1500593251395,61033061,2796.0729,0.16858439
1500593251404,61033062,2796.0728,0.0
1500593251404,61033062,2796.073,0.19378373
1500593251574,61033063,2796.0723,0.16858439
1500593251574,61033063,2796.0729,0.0
1500593251746,61033065,2796.0723,0.0
1500593251746,61033065,2796.0731,0.16858439
1500593251767,61033066,2796.0732,0.19378373
1500593251767,61033066,2796.073,0.0
1500593251936,61033067,2796.0731,0.0
1500593251936,61033067,2796.0733,0.16858439
1500593251945,61033068,2796.0734,0.19378373
1500593251945,61033068,2796.0732,0.0
1500593252092,61033069,2793.3204,0.0
1500593252242,61033070,2796.0735,0.16858439
1500593252242,61033070,2796.0733,0.0
1500593252247,61033071,2796.0736,0.19378373
1500593252247,61033071,2796.0734,0.0
1500593252338,61033072,2796.0736,2.28130439
1500593252338,61033072,2771.7003,1.76854435
1500593252351,61033073,2796.0736,2.08752066
1500593252351,61033073,2796.0737,0.19378373
1500593252409,61033074,2796.0722,0.0
1500593252409,61033074,2796.0738,0.04995163
1500593252417,61033075,2796.0737,0.36236812
1500593252417,61033075,2796.0735,0.0
1500593252425,61033076,2796.0738,0.24373536
1500593252425,61033076,2796.0737,0.16858439
1500593252589,61033077,2796.0739,0.16858439
1500593252589,61033077,2796.0737,0.0
1500593252601,61033078,2796.0738,0.04995163
1500593252601,61033078,2796.074,0.19378373
1500593252772,61033079,2796.0741,0.16858439
1500593252772,61033079,2796.0739,0.0
1500593252781,61033080,2773.196,0.14359565
1500593252798,61033081,2796.074,0.0
1500593252798,61033081,2796.0742,0.19378373
1500593252848,61033082,2722.4952,0.0
1500593252973,61033083,2796.0741,0.0
1500593252973,61033083,2796.0739,0.16858439
1500593253143,61033084,2796.0743,0.16858439
1500593253143,61033084,2796.0739,0.0
1500593253156,61033085,2796.0744,0.19378373
1500593253156,61033085,2796.0742,0.0
1500593253244,61033086,2736.3411,0.60407
1500593253331,61033087,2796.0743,0.0
1500593253331,61033087,2796.0745,0.16858439
1500593253340,61033088,2796.0746,0.19378373
1500593253340,61033088,2796.0744,0.0
1500593253510,61033089,2796.0621,0.01
1500593253513,61033090,2796.0745,0.0
1500593253513,61033090,2796.0747,0.16858439
1500593253520,61033091,2796.0746,0.0
1500593253520,61033091,2796.0748,0.19378373
1500593253609,61033092,2796.34,0.01
1500593253700,61033093,2796.0739,0.16858439
1500593253700,61033093,2796.0747,0.0
1500593253872,61033094,2796.0749,0.16858439
1500593253872,61033094,2796.0739,0.0
1500593253881,61033095,2796.075,0.19378373
1500593253881,61033095,2796.0748,0.0
1500593253950,61033096,2796.07,0.0
1500593253950,61033096,2796.44,0.28
1500593253957,61033097,2796.4401,0.19378373
1500593253957,61033097,2796.075,0.0
1500593254051,61033098,2796.0751,0.16825323
1500593254051,61033098,2796.0749,0.0
1500593254146,61033099,2770,0.2
1500593254312,61033100,2796.0705,0.0
1500593254397,61033101,2796.0751,0.0
1500593254397,61033101,2796.4402,0.16825323
1500593254405,61033102,2796.4401,0.0
1500593254405,61033102,2796.4403,0.19378373
1500593254423,61033103,2796.4403,1.94668183
1500593254423,61033103,2771.7003,0.0
1500593254431,61033104,2796.4403,1.7528981
1500593254431,61033104,2796.4404,0.19378373
1500593254494,61033105,2796.0738,0.0
1500593254494,61033105,2796.4405,0.04995163
1500593254580,61033106,2796.0737,0.47421827
1500593254584,61033108,2796.4401,0.16825323
1500593254584,61033108,2796.4402,0.0
1500593254833,61033109,2795.9776,0.0
1500593254833,61033110,2761.3284,0.0
1500593255186,61033111,2796.4401,0.0
1500593255186,61033111,2796.4406,0.16825323
1500593255194,61033112,2796.4407,0.19378373
1500593255194,61033112,2796.4404,0.0
1500593255364,61033113,2796.4406,0.0
1500593255364,61033113,2796.4408,0.16825323
1500593255375,61033114,2796.4407,0.0
1500593255375,61033114,2796.4409,0.19378373
1500593255561,61033115,2796.4408,0.0
1500593255561,61033115,2796.4406,0.16825323
1500593255770,61033116,2796.4406,0.0
1500593255770,61033116,2796.441,0.16825323
1500593255786,61033117,2796.4409,0.0
1500593255786,61033117,2796.4411,0.19378373
1500593255809,61033118,2782.1257,0.14313476
1500593255948,61033119,2796.441,0.0
1500593255948,61033119,2796.4406,0.16825323
1500593256130,61033120,2796.4406,0.0
1500593256130,61033120,2796.4412,0.16825323
1500593256141,61033121,2796.4413,0.19378373
1500593256141,61033121,2796.4411,0.0
1500593256316,61033122,2796.4412,0.0
1500593256316,61033122,2796.4414,0.16825323
1500593256325,61033123,2796.4413,0.0
1500593256325,61033123,2796.4415,0.19378373
1500593256501,61033124,2796.4406,0.16825323
1500593256501,61033124,2796.4414,0.0
1500593256600,61033125,2796.4405,0.0
1500593256600,61033125,2796.4416,0.04995163
1500593256686,61033126,2796.4406,0.0
1500593256686,61033126,2796.4416,0.21820486
1500593256693,61033127,2796.4415,0.0
1500593256693,61033127,2796.4417,0.19378373
1500593256859,61033128,2796.4417,0.36203277
1500593256859,61033128,2796.4416,0.04995163
1500593256871,61033129,2796.4418,0.19378373
1500593256871,61033129,2796.4417,0.16824904
1500593257034,61033130,2796.4418,0.36203277
1500593257034,61033130,2796.4417,0.0
1500593257047,61033131,2796.4419,0.19378373
1500593257047,61033131,2796.4418,0.16824904
1500593257202,61033133,2796.4419,0.36203277
1500593257202,61033133,2796.4418,0.0
1500593257210,61033134,2796.442,0.19378373
1500593257210,61033134,2796.4419,0.16824904
1500593257383,61033135,2796.442,0.36203277
1500593257383,61033135,2796.4419,0.0
1500593257387,61033136,2796.442,0.16824904
1500593257387,61033136,2796.4421,0.19378373
1500593257552,61033137,2796.442,0.0
1500593257552,61033137,2796.4421,0.36203277
1500593257573,61033138,2796.4422,0.19378373
1500593257573,61033138,2796.4421,0.16824904
1500593257732,61033139,2796.4422,0.36203277
1500593257732,61033139,2796.4421,0.0
1500593257747,61033140,2796.4422,0.16824904
1500593257747,61033140,2796.4423,0.19378373
1500593257824,61033141,2784.6914,0.14300288
1500593257909,61033142,2796.4422,0.0
1500593257909,61033142,2796.4423,0.36203277
1500593257920,61033143,2796.4423,0.16824904
1500593257920,61033143,2796.4424,0.19378373
1500593258080,61033144,2796.4423,0.0
1500593258080,61033144,2796.4424,0.36203277
1500593258089,61033145,2796.4425,0.19378373
1500593258089,61033145,2796.4424,0.16824904
1500593258093,61033146,2796.4424,0.61103663
1500593258093,61033146,2771.7006,0.0
1500593258159,61033147,2796.0737,0.0
1500593258254,61033148,2796.4425,0.36203277
1500593258254,61033148,2796.4424,0.44278759
1500593258263,61033149,2796.4425,0.16824904
1500593258263,61033149,2796.4426,0.19378373
1500593258337,61033150,2796.4404,0.47415708
1500593258425,61033151,2796.4425,0.0
1500593258425,61033151,2796.4426,0.36203277
1500593258437,61033152,2796.4427,0.19378373
1500593258437,61033152,2796.4426,0.16824904
1500593258589,61033153,2796.4428,0.04995163
1500593258589,61033153,2796.4416,0.0
1500593258615,61033154,2796.4427,0.36203277
1500593258615,61033154,2796.4426,0.0
1500593258627,61033155,2796.4428,0.24373536
1500593258627,61033155,2796.4427,0.16824904
1500593258826,61033156,2800,1.383
1500593258826,61033157,2796.4429,0.16824904
1500593258826,61033157,2796.4427,0.0
1500593258839,61033158,2796.4428,0.04995163
1500593258839,61033158,2800.0001,0.19378373
1500593259015,61033159,2796.4429,0.0
1500593259015,61033159,2800.0001,0.36203277
1500593259027,61033160,2800.0001,0.16824904
1500593259027,61033160,2800.0002,0.19378373
1500593259189,61033161,2800.0001,0.0
1500593259189,61033161,2800.0002,0.36203277
1500593259204,61033162,2800.0003,0.19378373
1500593259204,61033162,2800.0002,0.16824904
1500593259223,61033163,2800.1,0.279
1500593259223,61033163,2796.44,0.0
1500593259233,61033164,2800.1001,0.19378373
1500593259233,61033164,2800.0003,0.0
1500593259369,61033165,2800.0003,0.16824904
1500593259369,61033165,2800.0002,0.0
1500593259972,61033166,2764.8919,0.0
1500593260188,61033167,2800.1002,0.16824904
1500593260188,61033167,2800.0003,0.0
1500593260224,61033168,2800.1001,0.0
1500593260224,61033168,2800.1003,0.20252044
1500593260397,61033169,2800.1002,0.0
1500593260397,61033169,2800.1001,0.16813297
1500593260454,61033170,2796.4428,0.0
1500593260454,61033170,2800.1004,0.04995163
1500593260558,61033171,2796.4404,0.0
1500593260733,61033172,2800.1001,0.0
1500593260733,61033172,2800.1005,0.16813297
1500593260742,61033173,2800.1006,0.20252044
1500593260742,61033173,2800.1003,0.0
1500593260914,61033174,2800.1007,0.16813297
1500593260914,61033174,2800.1005,0.0
1500593260923,61033175,2800.1006,0.0
1500593260923,61033175,2800.1008,0.20252044
1500593260937,61033176,2800.0001,0.4735517
1500593261110,61033177,2800.1007,0.0
1500593261110,61033177,2800.1005,0.16813297
1500593261286,61033179,2800.1009,0.16813297
1500593261286,61033179,2800.1005,0.0
1500593261293,61033180,2800.1008,0.0
1500593261293,61033180,2800.101,0.20252044
1500593261420,61033181,2796.0621,0.0
1500593261427,61033182,2795.9787,0.01
1500593261464,61033183,2800.1005,0.16813297
1500593261464,61033183,2800.1009,0.0
1500593261636,61033185,2800.1011,0.16813297
1500593261636,61033185,2800.1005,0.0
1500593261644,61033186,2800.101,0.0
1500593261644,61033186,2800.1012,0.20252044
1500593261740,61033187,2788.7904,0.14279269
1500593261815,61033188,2800.1011,0.0
1500593261815,61033188,2800.1005,0.16813297
1500593261987,61033189,2800.1013,0.16813297
1500593261987,61033189,2800.1005,0.0
1500593261999,61033190,2800.1014,0.20252044
1500593261999,61033190,2800.1012,0.0
1500593262168,61033191,2800.1013,0.0
1500593262168,61033191,2800.1015,0.16813297
1500593262179,61033192,2800.1014,0.0
1500593262179,61033192,2800.1016,0.20252044
1500593262350,61033193,2800.1005,0.16813297
1500593262350,61033193,2800.1015,0.0
1500593262499,61033195,2728.459,6.174
1500593262499,61033195,2784.305,0.0
1500593262527,61033196,2800.1017,0.16813297
1500593262527,61033196,2800.1005,0.0
1500593262548,61033197,2800.1018,0.20252044
1500593262548,61033197,2800.1016,0.0
1500593262558,61033198,2800.1004,0.0
1500593262558,61033198,2800.1017,0.2180846
1500593262726,61033199,2800.1019,0.16813297
1500593262726,61033199,2800.1017,0.04995163
1500593262746,61033200,2800.1018,0.0
1500593262746,61033200,2800.102,0.20252044
1500593262747,61033202,2800.09,0.01
1500593262918,61033203,2800.1019,0.0
1500593262918,61033203,2800.1001,0.16828257
1500593263401,61033204,2800.1001,0.0
1500593263401,61033204,2800.1021,0.16828257
1500593263410,61033205,2800.1022,0.20252044
1500593263410,61033205,2800.102,0.0
1500593263625,61033206,2800.1023,0.16828257
1500593263625,61033206,2800.1021,0.0
1500593263634,61033207,2800.1022,0.0
1500593263634,61033207,2800.1024,0.20252044
1500593263805,61033208,2800.1001,0.16828257
1500593263805,61033208,2800.1023,0.0
1500593263952,61033209,2761.5879,0.0
1500593263975,61033210,2800.1001,0.0
1500593263975,61033210,2800.1025,0.16828257
1500593263985,61033211,2800.1026,0.20252044
1500593263985,61033211,2800.1024,0.0
1500593264158,61033212,2800.1027,0.16828257
1500593264158,61033212,2800.1025,0.0
1500593264172,61033213,2800.1026,0.0
1500593264172,61033213,2800.1028,0.20252044
1500593264345,61033214,2800.1027,0.0
1500593264345,61033214,2800.1001,0.16828257
1500593264441,61033215,2800.1029,0.04995163
1500593264441,61033215,2800.1017,0.0
1500593264521,61033216,2800.1001,0.0
1500593264521,61033216,2800.1029,0.2182342
1500593264534,61033217,2800.103,0.20252044
1500593264534,61033217,2800.1028,0.0
1500593264668,61033219,2765.719,0.0
1500593264697,61033220,2800.1029,0.04995163
1500593264697,61033220,2800.103,0.37080301
1500593264707,61033221,2800.103,0.16828257
1500593264707,61033221,2800.1031,0.20252044
1500593264872,61033222,2800.103,0.0
1500593264872,61033222,2800.1031,0.37080301
1500593264881,61033223,2800.1032,0.20252044
1500593264881,61033223,2800.1031,0.16828257
1500593265048,61033224,2800.1032,0.37080301
1500593265048,61033224,2800.1031,0.0
1500593265064,61033225,2800.1032,0.16828257
1500593265064,61033225,2800.1033,0.20252044
1500593265189,61033226,2775.6411,0.0
1500593265189,61033226,2800.1033,0.27797123
1500593265201,61033227,2800.1034,0.20252044
1500593265201,61033227,2800.1033,0.07545079
1500593265221,61033228,2800.1032,0.0
1500593265221,61033228,2800.1033,0.24373336
1500593265393,61033229,2800.1035,0.16828257
1500593265393,61033229,2800.1033,0.07545079
1500593265401,61033230,2800.1034,0.0
1500593265401,61033230,2800.1036,0.20252044
1500593265572,61033231,2800.1035,0.0
1500593265572,61033232,2800.1037,0.16828257
1500593265586,61033233,2800.1038,0.20252044
1500593265586,61033233,2800.1036,0.0
1500593265759,61033234,2800.1039,0.16828257
1500593265759,61033234,2800.1037,0.0
1500593265769,61033235,2800.1038,0.0
1500593265769,61033235,2800.104,0.20252044
1500593265943,61033236,2800.1039,0.0
1500593265943,61033236,2800.1034,0.16813775
1500593266118,61033237,2800.1034,0.0
1500593266118,61033237,2800.1041,0.16813775
1500593266127,61033238,2800.104,0.0
1500593266127,61033238,2800.1042,0.20252044
1500593266297,61033240,2800.1034,0.16813775
1500593266297,61033240,2800.1041,0.0
1500593266428,61033241,2800.1029,0.0
1500593266428,61033241,2800.1043,0.04995163
1500593266470,61033243,2800.1034,0.0
1500593266470,61033243,2800.1043,0.21808938
1500593266478,61033244,2800.1042,0.0
1500593266478,61033244,2800.1044,0.20252044
1500593266576,61033245,2800.1033,0.11545079
1500593266646,61033246,2800.1044,0.37065819
1500593266646,61033246,2800.1043,0.04995163
1500593266656,61033247,2800.1044,0.16813775
1500593266656,61033247,2800.1045,0.20252044
1500593266667,61033248,2769.022,0.0
1500593266817,61033249,2800.1044,0.0
1500593266817,61033249,2800.1045,0.37065819
1500593266826,61033250,2800.1046,0.20252044
1500593266826,61033250,2800.1045,0.16813775
1500593267022,61033251,2800.1046,0.37065819
1500593267022,61033251,2800.1045,0.0
1500593267057,61033252,2800.1046,0.16813775
1500593267057,61033252,2800.1047,0.20252044
1500593267198,61033253,2800.1046,0.0
1500593267198,61033253,2800.1047,0.37065819
1500593267206,61033254,2800.1047,0.16813775
1500593267206,61033254,2800.1048,0.20252044
1500593267371,61033255,2800.1047,0.0
1500593267371,61033255,2800.1048,0.37065819
1500593267380,61033256,2800.1049,0.20252044
1500593267380,61033256,2800.1048,0.16813775
1500593267550,61033257,2800.1049,0.37065819
1500593267550,61033257,2800.1048,0.0
1500593267563,61033258,2800.105,0.20252044
1500593267563,61033258,2800.1049,0.16813775
1500593267730,61033259,2800.105,0.37065819
1500593267730,61033259,2800.1049,0.0
1500593267741,61033260,2800.105,0.16813775
1500593267741,61033260,2800.1051,0.20252044
1500593267902,61033261,2800.105,0.0
1500593267902,61033261,2800.1051,0.37065819
1500593267911,61033262,2800.1051,0.16813775
1500593267911,61033262,2800.1052,0.20252044
1500593268073,61033263,2800.1051,0.0
1500593268073,61033263,2800.1052,0.37065819
1500593268080,61033264,2800.1053,0.20252044
1500593268080,61033264,2800.1052,0.16813775
1500593268245,61033265,2800.1053,0.37065819
1500593268245,61033265,2800.1052,0.0
1500593268254,61033266,2800.1054,0.20252044
1500593268254,61033266,2800.1053,0.16813775
1500593268423,61033267,2800.1054,0.37065819
1500593268423,61033267,2800.1053,0.0
1500593268423,61033268,2800.1055,0.04995163
1500593268423,61033268,2800.1043,0.0
1500593268450,61033269,2800.1055,0.25247207
1500593268450,61033269,2800.1054,0.16813775
1500593268594,61033270,2800.1055,0.42060982
1500593268594,61033270,2800.1054,0.0
1500593268603,61033271,2800.1055,0.21808938
1500593268603,61033271,2800.1056,0.20252044
1500593268813,61033272,2800.1055,0.04995163
1500593268813,61033272,2800.1056,0.37065819
1500593268824,61033273,2800.1056,0.16813775
1500593268824,61033273,2800.1057,0.20252044
1500593268956,61033274,2760.3219,0.0
1500593268984,61033275,2800.1056,0.0
1500593268984,61033275,2800.1057,0.37027043
1500593268995,61033276,2800.1058,0.20252044
1500593268995,61033276,2800.1057,0.16774999
1500593269159,61033277,2800.1058,0.37027043
1500593269159,61033277,2800.1057,0.0
1500593269169,61033278,2800.1058,0.16774999
1500593269169,61033278,2800.1059,0.20252044
1500593269336,61033279,2800.1058,0.0
1500593269336,61033279,2800.1059,0.37027043
1500593269343,61033280,2800.1059,0.16774999
1500593269343,61033280,2800.106,0.20252044
1500593269511,61033281,2800.1059,0.0
1500593269511,61033281,2800.106,0.37027043
1500593269519,61033282,2800.1061,0.20252044
1500593269519,61033282,2800.106,0.16774999
1500593269683,61033283,2800.1061,0.37027043
1500593269683,61033283,2800.106,0.0
1500593269692,61033284,2800.1061,0.16774999
1500593269692,61033284,2800.1062,0.20252044
1500593269859,61033285,2800.1061,0.0
1500593269859,61033285,2800.1062,0.37027043
1500593269868,61033286,2800.1063,0.20252044
1500593269868,61033286,2800.1062,0.16774999
1500593270030,61033287,2800.1063,0.37027043
1500593270030,61033287,2800.1062,0.0
1500593270046,61033288,2800.1063,0.16774999
1500593270046,61033288,2800.1064,0.20252044
1500593270203,61033289,2800.1063,0.0
1500593270203,61033289,2800.1064,0.37027043
1500593270215,61033290,2800.1065,0.20252044
1500593270215,61033290,2800.1064,0.16774999
1500593270377,61033292,2800.1065,0.37027043
1500593270377,61033292,2800.1064,0.0
1500593270387,61033293,2800.1065,0.16774999
1500593270387,61033293,2800.1066,0.20252044
1500593270548,61033294,2800.1065,0.0
1500593270548,61033294,2800.1066,0.37027043
1500593270557,61033295,2800.1066,0.16774999
1500593270557,61033295,2800.1067,0.20252044
1500593270726,61033297,2800.1066,0.0
1500593270726,61033297,2800.1067,0.37027043
1500593270736,61033298,2800.1067,0.16774999
1500593270736,61033298,2800.1068,0.20252044
1500593270899,61033299,2800.1067,0.0
1500593270899,61033299,2800.1068,0.37027043
1500593270907,61033300,2800.1069,0.20252044
1500593270907,61033300,2800.1068,0.16774999
1500593270920,61033301,2800.1055,0.0
1500593270920,61033301,2800.1069,0.25247207
1500593270928,61033302,2776.4279,0.0
1500593271087,61033303,2800.1069,0.42022206
1500593271087,61033303,2800.1068,0.0
1500593271095,61033304,2800.1069,0.21770162
1500593271095,61033304,2800.107,0.20252044
1500593271288,61033305,2800.1069,0.04995163
1500593271288,61033305,2800.107,0.37027043
1500593271297,61033306,2800.1071,0.20252044
1500593271297,61033306,2800.107,0.16774999
1500593271464,61033307,2800.1071,0.37027043
1500593271464,61033307,2800.107,0.0
1500593271473,61033308,2800.1072,0.20252044
1500593271473,61033308,2800.1071,0.16774999
1500593271635,61033310,2800.1072,0.37027043
1500593271635,61033310,2800.1071,0.0
1500593271644,61033311,2800.1072,0.16774999
1500593271644,61033311,2800.1073,0.20252044
1500593271811,61033312,2800.1072,0.0
1500593271811,61033312,2800.1073,0.37027043
1500593271819,61033313,2800.1073,0.16774999
1500593271819,61033313,2800.1074,0.20252044
1500593271985,61033314,2800.1073,0.0
1500593271985,61033314,2800.1074,0.37032878
1500593271995,61033315,2800.1075,0.20252044
1500593271995,61033315,2800.1074,0.16780834
1500593272157,61033317,2800.1075,0.37032878
1500593272157,61033317,2800.1074,0.0
1500593272166,61033318,2800.1075,0.16780834
1500593272166,61033318,2800.1076,0.20252044
1500593272329,61033319,2800.1075,0.0
1500593272329,61033319,2800.1076,0.37032878
1500593272387,61033320,2800.1076,0.16780834
1500593272387,61033320,2800.1077,0.20252044
1500593272486,61033321,2800.1069,0.0
1500593272486,61033321,2800.1078,0.04995163
1500593272501,61033322,2800.1076,0.0
1500593272501,61033322,2800.1077,0.37032878
1500593272532,61033323,2800.1077,0.16780834
1500593272532,61033323,2800.1078,0.25247207
1500593272673,61033324,2800.1077,0.0
1500593272673,61033324,2800.1079,0.16780834
1500593272682,61033325,2800.108,0.20252044
1500593272682,61033325,2800.1078,0.04995163
1500593272852,61033326,2800.1079,0.0
1500593272852,61033326,2800.1081,0.16780834
1500593272859,61033327,2800.108,0.0
1500593272859,61033327,2800.1082,0.20252044
1500593273029,61033329,2800.1081,0.0
1500593273029,61033329,2800.1079,0.16780834
1500593273203,61033330,2800.1079,0.0
1500593273203,61033330,2800.1083,0.16780834
1500593273214,61033331,2800.1084,0.20252044
1500593273214,61033331,2800.1082,0.0
1500593273460,61033332,2800.1085,0.16780834
1500593273460,61033332,2800.1083,0.0
1500593273468,61033333,2800.1086,0.20252044
1500593273468,61033333,2800.1084,0.0
1500593273638,61033334,2800.1085,0.0
1500593273638,61033334,2800.1087,0.16780834
1500593273647,61033335,2800.1086,0.0
1500593273647,61033335,2800.1088,0.20252044
1500593273818,61033336,2800.1087,0.0
1500593273818,61033336,2800.1079,0.16780834
1500593273831,61033337,2781.0478,0.0
1500593273992,61033338,2800.1079,0.0
1500593273992,61033338,2800.1089,0.16780834
1500593274002,61033339,2800.1088,0.0
1500593274002,61033339,2800.109,0.20252044
1500593274173,61033340,2800.1079,0.16780834
1500593274173,61033340,2800.1089,0.0
1500593274352,61033341,2800.1079,0.0
1500593274352,61033341,2800.1091,0.16780834
1500593274360,61033342,2800.1092,0.20252044
1500593274360,61033342,2800.109,0.0
1500593274531,61033343,2800.1093,0.16780834
1500593274531,61033343,2800.1091,0.0
1500593274539,61033344,2800.1092,0.0
1500593274539,61033344,2800.1094,0.20252044
1500593274712,61033345,2800.1079,0.16780834
1500593274712,61033345,2800.1093,0.0
1500593274785,61033346,2768.12,0.0429768
1500593274886,61033347,2800.1079,0.0
1500593274886,61033347,2800.1095,0.16780834
1500593274905,61033348,2800.1094,0.0
1500593274905,61033348,2800.1096,0.20252044
1500593274950,61033349,2781.048,0.0
1500593274950,61033349,2800.1092,0.05289079
1500593275077,61033350,2800.1095,0.0
1500593275077,61033350,2800.1079,0.16775296
1500593275248,61033351,2800.1079,0.0
1500593275248,61033351,2800.1097,0.16775296
1500593275257,61033352,2800.1096,0.0
1500593275257,61033352,2800.1098,0.20252044
1500593275429,61033354,2800.1093,0.16775296
1500593275429,61033354,2800.1097,0.0
1500593275614,61033355,2800.1099,0.16775296
1500593275614,61033355,2800.1093,0.0
1500593275622,61033356,2800.11,0.20252044
1500593275622,61033356,2800.1098,0.0
1500593275778,61033357,2776.7004,0.0
1500593275792,61033359,2800.1101,0.16775296
1500593275792,61033359,2800.1099,0.0
1500593275801,61033360,2800.1102,0.20252044
1500593275801,61033360,2800.11,0.0
1500593275970,61033361,2800.1101,0.0
1500593275970,61033361,2800.1103,0.16775296
1500593275978,61033362,2800.1102,0.0
1500593275978,61033362,2800.1104,0.20252044
1500593276052,61033363,2800.21,0.279
1500593276052,61033363,2800.1,0.0
1500593276060,61033364,2800.1104,0.0
1500593276060,61033364,2800.2101,0.20252044
1500593276153,61033365,2800.1103,0.0
1500593276153,61033365,2800.1093,0.16775296
1500593276327,61033366,2800.2102,0.16775296
1500593276327,61033366,2800.1093,0.0
1500593276335,61033367,2800.2103,0.20252044
1500593276335,61033367,2800.2101,0.0
1500593276364,61033368,2736.3411,0.0
1500593276505,61033370,2800.2102,0.0
1500593276505,61033370,2800.2104,0.16775296
1500593276514,61033371,2800.2103,0.0
1500593276514,61033371,2800.2105,0.20252044
1500593276686,61033373,2800.2104,0.0
1500593276686,61033373,2800.2101,0.16775296
1500593276766,61033375,2800.2,0.279
1500593276766,61033375,2800.21,0.0
1500593276859,61033376,2800.2106,0.16775296
1500593276859,61033376,2800.2101,0.0
1500593276867,61033377,2800.2107,0.20252044
1500593276867,61033377,2800.2105,0.0
1500593276878,61033378,2736.3411,3.35832
1500593277038,61033379,2800.2108,0.16775296
1500593277038,61033379,2800.2106,0.0
1500593277047,61033380,2800.2107,0.0
1500593277047,61033380,2800.2109,0.20252044
1500593277217,61033381,2800.2108,0.0
1500593277217,61033381,2800.2001,0.16775296
1500593277389,61033382,2800.2001,0.0
1500593277389,61033382,2800.211,0.16775296
1500593277399,61033383,2800.2111,0.20252044
1500593277399,61033383,2800.2109,0.0
1500593277525,61033384,2782.3513,0.27035766
1500593277525,61033384,2800.2109,0.15889517
1500593277529,61033385,2800.31,0.279
1500593277529,61033385,2800.2,0.0
1500593277538,61033386,2800.2111,0.0
1500593277538,61033386,2800.3101,0.20252044
1500593277538,61033387,2800.09,0.0
1500593277568,61033388,2800.211,0.0
1500593277568,61033388,2800.2112,0.16775296
1500593277649,61033389,2805.0429,0.97389792
1500593277656,61033390,2805.043,0.20252044
1500593277656,61033390,2800.3101,0.0
1500593277749,61033391,2800.2112,0.0
1500593277749,61033391,2800.3102,0.16775296
1500593277891,61033392,2770.7046,0.0
1500593277924,61033393,2800.3102,0.0
1500593277924,61033393,2805.0431,0.16757816
1500593277935,61033394,2805.0432,0.20252044
1500593277935,61033394,2805.043,0.0
1500593278133,61033396,2805.14,0.279
1500593278133,61033396,2800.31,0.0
1500593278142,61033397,2805.0432,0.0
1500593278142,61033397,2805.1401,0.20252044
1500593278154,61033398,2805.0431,0.0
1500593278154,61033398,2805.0433,0.16757816
1500593278359,61033399,2805.1402,0.16757816
1500593278359,61033399,2805.0433,0.0
1500593278373,61033400,2805.1403,0.20252044
1500593278373,61033400,2805.1401,0.0
1500593278565,61033401,2805.1404,0.16757816
1500593278565,61033401,2805.1402,0.0
1500593278565,61033402,2800.1033,0.07545079
1500593278574,61033403,2805.1405,0.20252044
1500593278574,61033403,2805.1403,0.0
1500593278813,61033404,2800.2,0.01
1500593278813,61033405,2805.1406,0.16757816
1500593278813,61033405,2805.1404,0.0
1500593278840,61033406,2805.1405,0.0
1500593278840,61033406,2805.1407,0.20252044
1500593279017,61033407,2805.1401,0.16757816
1500593279017,61033407,2805.1406,0.0
1500593279191,61033408,2805.1408,0.16757816
1500593279191,61033408,2805.1401,0.0
1500593279203,61033409,2805.1409,0.20252044
1500593279203,61033409,2805.1407,0.0
1500593279378,61033410,2805.1408,0.0
1500593279378,61033410,2805.141,0.16757816
1500593279389,61033411,2805.1411,0.20252044
1500593279389,61033411,2805.1409,0.0
1500593279561,61033412,2805.1412,0.16757816
1500593279561,61033412,2805.141,0.0
1500593279571,61033413,2805.1411,0.0
1500593279571,61033413,2805.1413,0.20252044
1500593279587,61033414,2760.478,0.01021925
1500593279763,61033415,2805.1412,0.0
1500593279763,61033415,2805.1401,0.16757816
1500593279934,61033416,2805.1414,0.16757816
1500593279934,61033416,2805.1401,0.0
1500593279942,61033417,2805.1413,0.0
1500593279942,61033417,2805.1415,0.20252044
1500593280117,61033418,2805.1401,0.16757816
1500593280117,61033418,2805.1414,0.0
1500593280292,61033419,2805.1416,0.16757816
1500593280292,61033419,2805.1401,0.0
1500593280301,61033420,2805.1417,0.20252044
1500593280301,61033420,2805.1415,0.0
1500593280472,61033421,2805.1416,0.0
1500593280472,61033421,2805.1418,0.16757816
1500593280478,61033422,2782.3511,0.0
1500593280481,61033423,2800.3102,0.04
1500593280486,61033424,2805.1419,0.20252044
1500593280486,61033424,2805.1417,0.0
1500593280491,61033425,2782.3513,0.0
1500593280491,61033425,2805.1415,0.26816116
1500593280508,61033426,2736.3411,0.0
1500593280557,61033427,2805.142,0.04995163
1500593280557,61033427,2800.1078,0.0
1500593280657,61033428,2805.1418,0.0
1500593280657,61033428,2805.142,0.21752979
1500593280665,61033429,2805.1419,0.0
1500593280665,61033429,2805.1421,0.20252044
1500593280827,61033430,2805.142,0.04995163
1500593280827,61033430,2805.1421,0.37018239
1500593280836,61033431,2805.1421,0.16766195
1500593280836,61033431,2805.1422,0.20252044
1500593280999,61033432,2805.1421,0.0
1500593280999,61033432,2805.1422,0.37018239
1500593281007,61033433,2805.1423,0.20252044
1500593281007,61033433,2805.1422,0.16766195
1500593281098,61033434,2793.1304,0.14257082
1500593281100,61033435,2750.1062,3.35832
1500593281171,61033438,2805.1423,0.37018239
1500593281171,61033438,2805.1422,0.0
1500593281180,61033439,2805.1424,0.20252044
1500593281180,61033439,2805.1423,0.16766195
1500593281343,61033440,2805.1424,0.37018239
1500593281343,61033440,2805.1423,0.0
1500593281351,61033441,2805.1424,0.16766195
1500593281351,61033441,2805.1425,0.20252044
1500593281521,61033442,2805.1424,0.0
1500593281521,61033442,2805.1425,0.37018239
1500593281534,61033443,2805.1425,0.16766195
1500593281534,61033443,2805.1426,0.20252044
1500593281705,61033444,2805.1425,0.0
1500593281705,61033444,2805.1416,0.16766195
1500593281988,61033445,2805.1416,0.0
1500593281988,61033445,2805.1427,0.16766195
1500593282013,61033446,2805.1428,0.20252044
1500593282013,61033446,2805.1426,0.0
1500593282041,61033447,2796.34,0.0
1500593282169,61033448,2805.1427,0.0
1500593282169,61033448,2805.1429,0.16766195
1500593282183,61033449,2805.1428,0.0
1500593282183,61033449,2805.143,0.20252044
1500593282358,61033450,2805.1421,0.16766195
1500593282358,61033450,2805.1429,0.0
1500593282460,61033451,2805.39,0.01
1500593282530,61033452,2805.1421,0.0
1500593282530,61033452,2805.1431,0.16766195
1500593282540,61033453,2805.1432,0.20252044
1500593282540,61033453,2805.143,0.0
1500593282667,61033454,2786.8104,0.0
1500593282711,61033455,2805.1431,0.0
1500593282711,61033455,2805.1433,0.16766195
1500593282726,61033456,2805.1432,0.0
1500593282726,61033456,2805.1434,0.20252044
1500593282896,61033457,2805.1433,0.0
1500593282896,61033457,2805.1421,0.16766195
1500593282965,61033458,2795.9779,0.0
1500593282965,61033458,2805.3902,0.42375795
1500593282965,61033459,2805.49,0.279
1500593282965,61033459,2805.14,0.0
1500593282978,61033460,2805.3903,0.20252044
1500593282978,61033460,2805.1434,0.0
1500593283068,61033461,2805.1421,0.0
1500593283068,61033461,2805.1435,0.16766195
1500593283083,61033462,2805.4901,0.20252044
1500593283083,61033462,2805.3903,0.0
1500593283260,61033463,2805.1435,0.0
1500593283260,61033463,2805.4902,0.16766195
1500593283269,61033464,2805.4901,0.0
1500593283269,61033464,2805.4903,0.20252044
1500593283439,61033465,2805.4902,0.0
1500593283439,61033465,2805.4901,0.16766195
1500593283677,61033466,2805.4901,0.0
1500593283677,61033466,2805.4904,0.16766195
1500593283687,61033467,2805.4903,0.0
1500593283687,61033467,2805.4905,0.20252044
1500593283887,61033468,2805.4904,0.0
1500593283887,61033468,2805.4901,0.16762806
1500593284091,61033469,2805.4901,0.0
1500593284091,61033469,2805.4906,0.16762806
1500593284102,61033470,2805.4905,0.0
1500593284102,61033470,2805.4907,0.20252044
1500593284274,61033471,2805.4906,0.0
1500593284274,61033471,2805.4901,0.16762806
1500593284451,61033472,2805.4901,0.0
1500593284451,61033472,2805.4908,0.16762806
1500593284461,61033473,2805.4907,0.0
1500593284461,61033473,2805.4909,0.20252044
1500593284632,61033474,2805.4901,0.16762806
1500593284632,61033474,2805.4908,0.0
1500593284805,61033475,2805.4901,0.0
1500593284805,61033475,2805.491,0.16762806
1500593284814,61033476,2805.4909,0.0
1500593284814,61033476,2805.4911,0.20252044
1500593284984,61033477,2805.491,0.0
1500593284984,61033477,2805.4901,0.16762806
1500593285157,61033478,2805.4901,0.0
1500593285157,61033478,2805.4912,0.16762806
1500593285166,61033479,2805.4913,0.20252044
1500593285166,61033479,2805.4911,0.0
1500593285199,61033480,2805.4911,1.25545577
1500593285199,61033480,2796.0704,0.0
1500593285337,61033481,2805.4912,0.0
1500593285337,61033481,2805.4914,0.16762806
1500593285346,61033482,2805.4915,0.20252044
1500593285346,61033482,2805.4913,0.0
1500593285520,61033483,2805.4914,0.0
1500593285520,61033483,2805.4916,0.16762806
1500593285528,61033484,2805.4917,0.20252044
1500593285528,61033484,2805.4915,0.0
1500593285716,61033485,2785.242,0.0
1500593285718,61033486,2805.4916,0.0
1500593285718,61033486,2805.4918,0.16762806
1500593285728,61033487,2805.4919,0.20252044
1500593285728,61033487,2805.4917,0.0
1500593285900,61033488,2805.4918,0.0
1500593285900,61033488,2805.492,0.16762806
1500593285907,61033489,2805.4921,0.20252044
1500593285907,61033489,2805.4919,0.0
1500593286078,61033490,2805.492,0.0
1500593286078,61033490,2805.4922,0.16762806
1500593286087,61033491,2805.4923,0.20252044
1500593286087,61033491,2805.4921,0.0
1500593286288,61033492,2805.4924,0.16762806
1500593286288,61033492,2805.4922,0.0
1500593286297,61033493,2805.4925,0.20252044
1500593286297,61033493,2805.4923,0.0
1500593286468,61033494,2805.4926,0.16762806
1500593286468,61033494,2805.4924,0.0
1500593286476,61033495,2805.4925,0.0
1500593286476,61033495,2805.4927,0.20252044
1500593286656,61033496,2805.4926,0.0
1500593286656,61033496,2805.4912,0.16762806
1500593286711,61033497,2800.0001,0.0
1500593286744,61033498,2796.6506,0.14239136
1500593286748,61033499,2800.2,0.0
1500593286830,61033500,2805.4912,0.0
1500593286830,61033500,2805.4928,0.16762806
1500593286838,61033501,2805.4927,0.0
1500593286838,61033501,2805.4929,0.20252044
1500593286873,61033502,2805.4912,0.47262583
1500593287032,61033503,2805.4912,0.64036451
1500593287032,61033503,2805.4928,0.0
1500593287204,61033504,2805.4912,0.47262583
1500593287204,61033504,2805.493,0.16773868
1500593287213,61033505,2805.4931,0.20252044
1500593287213,61033505,2805.4929,0.0
1500593287384,61033506,2805.4932,0.16773868
1500593287384,61033506,2805.493,0.0
1500593287392,61033507,2805.4931,0.0
1500593287392,61033507,2805.4933,0.20252044
1500593287474,61033508,2796.0719,0.0
1500593287474,61033508,2805.4933,0.30944994
1500593287489,61033509,2805.4933,0.1069295
1500593287489,61033509,2805.4934,0.20252044
1500593287562,61033510,2805.4913,0.16773868
1500593287562,61033510,2805.4932,0.0
1500593287735,61033511,2805.4935,0.16773868
1500593287735,61033511,2805.4913,0.0
1500593287742,61033512,2805.4934,0.0
1500593287742,61033512,2805.4936,0.20252044
1500593287766,61033513,2800.1084,0.78609418
1500593287915,61033514,2805.4934,0.16773868
1500593287915,61033514,2805.4935,0.0
1500593288078,61033515,2805.4814,0.01
1500593288087,61033516,2805.4934,0.0
1500593288087,61033516,2805.4937,0.16773868
1500593288094,61033517,2805.4938,0.20252044
1500593288094,61033517,2805.4936,0.0
1500593288401,61033518,2805.4937,0.0
1500593288401,61033518,2805.4939,0.16773868
1500593288409,61033519,2805.494,0.20252044
1500593288409,61033519,2805.4938,0.0
1500593288584,61033521,2805.4941,0.16773868
1500593288584,61033521,2805.4939,0.0
1500593288600,61033522,2805.4942,0.20252044
1500593288600,61033522,2805.494,0.0
1500593288667,61033523,2768.5017,0.0
1500593288818,61033524,2805.4941,0.0
1500593288818,61033524,2805.4943,0.16773868
1500593288828,61033525,2805.4944,0.20252044
1500593288828,61033525,2805.4942,0.0
1500593289001,61033526,2805.4943,0.0
1500593289001,61033526,2805.4945,0.16773868
1500593289010,61033527,2805.4946,0.20252044
1500593289010,61033527,2805.4944,0.0
1500593289150,61033528,2805.142,0.0
1500593289150,61033528,2805.4947,0.04995163
1500593289185,61033529,2805.4947,0.21769031
1500593289185,61033529,2805.4945,0.0
1500593289196,61033530,2805.4946,0.0
1500593289196,61033530,2805.4948,0.20252044
1500593289358,61033531,2805.4948,0.37025912
1500593289358,61033531,2805.4947,0.04995163
1500593289366,61033532,2805.4949,0.20252044
1500593289366,61033532,2805.4948,0.16773868
1500593289529,61033533,2805.4949,0.37025912
1500593289529,61033533,2805.4948,0.0
1500593289537,61033534,2805.495,0.20252044
1500593289537,61033534,2805.4949,0.16773868
1500593289671,61033535,2805.4951,0.04995163
1500593289671,61033535,2805.4947,0.0
1500593289701,61033536,2805.495,0.37025912
1500593289701,61033536,2805.4949,0.0
1500593289714,61033537,2805.4928,0.01
1500593289714,61033538,2805.495,0.16773868
1500593289714,61033538,2805.4951,0.25247207
1500593289874,61033539,2805.495,0.0
1500593289874,61033539,2805.4952,0.16737823
1500593289883,61033540,2805.4951,0.04995163
1500593289883,61033540,2805.4953,0.20252044
1500593290081,61033541,2805.4952,0.0
1500593290081,61033541,2805.4954,0.16737823
1500593290092,61033542,2805.4953,0.0
1500593290092,61033542,2805.4955,0.1903848
1500593290262,61033543,2805.4954,0.0
1500593290262,61033543,2805.4952,0.16737823
1500593290294,61033544,2805.4951,0.0
1500593290294,61033544,2805.4956,0.04995163
1500593290436,61033546,2805.4952,0.0
1500593290436,61033546,2805.4956,0.21732986
1500593290443,61033547,2805.4957,0.1903848
1500593290443,61033547,2805.4955,0.0
1500593290608,61033548,2805.4956,0.04995163
1500593290608,61033548,2805.4957,0.35776303
1500593290616,61033549,2805.4958,0.1903848
1500593290616,61033549,2805.4957,0.16737823
1500593290635,61033550,2785.4912,0.0
1500593290722,61033551,2805.4956,0.0
1500593290722,61033551,2805.4959,0.04995163
1500593290779,61033552,2805.4958,0.35776303
1500593290779,61033552,2805.4957,0.0
1500593290786,61033553,2805.4959,0.24033643
1500593290786,61033553,2805.4958,0.16737823
1500593290864,61033554,2798.576,0.11438221
1500593290986,61033555,2805.496,0.16737823
1500593290986,61033555,2805.4958,0.0
1500593290996,61033556,2805.4959,0.04995163
1500593290996,61033556,2805.4961,0.1903848
1500593291174,61033557,2805.4962,0.16737823
1500593291174,61033557,2805.496,0.0
1500593291181,61033558,2805.4961,0.0
1500593291181,61033558,2805.4963,0.1903848
1500593291340,61033559,2805.4959,0.0
1500593291340,61033559,2805.4964,0.04995163
1500593291350,61033560,2805.4962,0.0
1500593291350,61033560,2805.496,0.16737823
1500593291438,61033561,2796.0736,0.0
1500593291438,61033561,2805.4963,2.27089419
1500593291470,61033562,2805.4964,0.24033643
1500593291470,61033562,2805.4963,2.08050939
1500593291521,61033563,2805.4965,0.16737823
1500593291521,61033563,2805.496,0.0
1500593291533,61033564,2805.4964,0.04995163
1500593291533,61033564,2805.4966,0.1903848
1500593291706,61033565,2805.4967,0.16737823
1500593291706,61033565,2805.4965,0.0
1500593291715,61033566,2805.4968,0.1903848
1500593291715,61033566,2805.4966,0.0
1500593291888,61033567,2805.4969,0.16737823
1500593291888,61033567,2805.4967,0.0
1500593291895,61033568,2805.4968,0.0
1500593291895,61033568,2805.497,0.1903848
1500593292065,61033569,2805.4965,0.16737823
1500593292065,61033569,2805.4969,0.0
1500593292239,61033570,2805.4971,0.16737823
1500593292239,61033570,2805.4965,0.0
1500593292254,61033571,2805.4972,0.1903848
1500593292254,61033571,2805.497,0.0
1500593292338,61033572,2805.4912,0.0
1500593292367,61033573,2800.3102,0.0
1500593292427,61033574,2805.4973,0.16737823
1500593292427,61033574,2805.4971,0.0
1500593292435,61033575,2805.4974,0.1903848
1500593292435,61033575,2805.4972,0.0
1500593292545,61033577,2805.4964,0.52257758
1500593292606,61033578,2805.4973,0.0
1500593292606,61033578,2805.4975,0.16737823
1500593292613,61033579,2805.4976,0.1903848
1500593292613,61033579,2805.4974,0.0
1500593292667,61033580,2802.8673,0.14207554
1500593292784,61033581,2805.4975,0.0
1500593292784,61033581,2805.4977,0.16737823
1500593292794,61033582,2805.4978,0.1903848
1500593292794,61033582,2805.4976,0.0
1500593292965,61033583,2805.4979,0.16737823
1500593292965,61033583,2805.4977,0.0
1500593292974,61033584,2805.4978,0.0
1500593292974,61033584,2805.498,0.1903848
1500593293144,61033585,2805.4979,0.0
1500593293144,61033585,2805.4965,0.16737823
1500593293324,61033586,2805.4981,0.16737823
1500593293324,61033586,2805.4965,0.0
1500593293357,61033587,2805.498,0.0
1500593293357,61033587,2805.4982,0.1903848
1500593293512,61033588,2805.4981,0.0
1500593293512,61033588,2805.4965,0.16737823
1500593293653,61033589,2796.4403,0.0
1500593293653,61033589,2805.4984,1.74723853
1500593293670,61033590,2805.4982,0.0
1500593293670,61033590,2805.4985,0.1903848
1500593293685,61033591,2805.4983,0.16737823
1500593293685,61033591,2805.4965,0.0
1500593293865,61033592,2805.4983,0.0
1500593293865,61033592,2805.4986,0.16737823
1500593293875,61033593,2805.4985,0.0
1500593293875,61033593,2805.4987,0.1903848
1500593294048,61033594,2805.4986,0.0
1500593294048,61033594,2805.4985,0.16737823
1500593294218,61033596,2805.4985,0.0
1500593294218,61033596,2805.4988,0.16737823
1500593294228,61033597,2805.4987,0.0
1500593294228,61033597,2805.4989,0.1903848
1500593294242,61033598,2800.1084,0.0
1500593294401,61033599,2805.4985,0.16737823
1500593294401,61033599,2805.4988,0.0
1500593294428,61033600,2814.9799,0.01
1500593294573,61033601,2805.4985,0.0
1500593294573,61033601,2805.499,0.16737823
1500593294580,61033602,2805.4991,0.1903848
1500593294580,61033602,2805.4989,0.0
1500593294690,61033603,2773.196,0.0
1500593294701,61033604,2815.8796,16.07439286
1500593294709,61033605,2815.8797,0.1903848
1500593294709,61033605,2805.4991,0.0
1500593294763,61033606,2805.4992,0.16737823
1500593294763,61033606,2805.499,0.0
1500593295056,61033607,2815.97,0.278
1500593295056,61033607,2805.49,0.0
1500593295066,61033608,2815.8797,0.0
1500593295066,61033608,2815.9701,0.1903848
1500593295190,61033609,2815.8798,0.16737823
1500593295190,61033609,2805.4992,0.0
1500593295362,61033610,2815.9702,0.16737823
1500593295362,61033610,2815.8798,0.0
1500593295370,61033611,2830,0.7
1500593295540,61033612,2815.9702,0.0
1500593296030,61033613,2805.4964,0.04995163
1500593296084,61033614,2805.4814,0.0
1500593296283,61033615,2805.4985,0.47262303
1500593296294,61033616,2815.9701,0.0
1500593296294,61033616,2830.0001,0.1903848
1500593296424,61033617,2830.0001,0.35738938
1500593296431,61033618,2830.0002,0.1903848
1500593296431,61033618,2830.0001,0.16700458
1500593296551,61033619,2750.1062,0.0
1500593296599,61033620,2830.0002,0.35738938
1500593296599,61033620,2830.0001,0.0
1500593296608,61033621,2830.0002,0.16700458
1500593296608,61033621,2830.0003,0.1903848
1500593296715,61033623,2805.4964,0.0
1500593296715,61033623,2830.0004,0.04995163
1500593296773,61033624,2830.0002,0.0
1500593296773,61033624,2830.0003,0.35738938
1500593296782,61033625,2815.9702,0.43971701
1500593296782,61033625,2796.4424,0.0
1500593296782,61033626,2830.0004,0.24033643
1500593296782,61033626,2830.0003,0.16700458
1500593297048,61033628,2830.0005,0.16700458
1500593297048,61033628,2830.0003,0.0
1500593297049,61033629,2750.1062,5.6152
1500593297062,61033630,2830.0006,0.1903848
1500593297062,61033630,2830.0004,0.04995163
1500593297232,61033631,2830.0005,0.0
1500593297232,61033631,2830.0007,0.16700458
1500593297242,61033632,2830.0008,0.1903848
1500593297242,61033632,2830.0006,0.0
1500593297412,61033634,2830.0009,0.16700458
1500593297412,61033634,2830.0007,0.0
1500593297420,61033635,2830.0008,0.0
1500593297420,61033635,2830.001,0.1903848
1500593297446,61033636,2830.001,0.24033643
1500593297446,61033636,2830.0004,0.0
1500593297453,61033637,2815.8696,0.01
1500593297598,61033638,2830.0009,0.0
1500593297598,61033638,2830.0005,0.16700458
1500593297771,61033639,2830.0005,0.0
1500593297771,61033639,2830.0011,0.16700458
1500593297783,61033640,2830.001,0.04995163
1500593297783,61033640,2830.0012,0.1903848
1500593297829,61033641,2782.1257,0.0
1500593297954,61033642,2830.0011,0.0
1500593297954,61033642,2830.0013,0.16700458
1500593297965,61033643,2830.0012,0.0
1500593297965,61033643,2830.0014,0.1903848
1500593298073,61033644,2830.001,0.0
1500593298073,61033644,2830.0015,0.04995163
1500593298136,61033645,2830.0011,0.16700458
1500593298136,61033645,2830.0013,0.0
1500593298308,61033646,2830.0011,0.0
1500593298308,61033646,2830.0016,0.16700458
1500593298315,61033647,2830.0017,0.1903848
1500593298315,61033647,2830.0014,0.0
1500593298489,61033648,2830.0016,0.0
1500593298489,61033648,2830.0018,0.16700458
1500593298496,61033649,2830.0018,0.21695621
1500593298496,61033649,2830.0015,0.0
1500593298498,61033650,2830.0017,0.0
1500593298498,61033650,2830.0019,0.1903848
1500593298667,61033652,2830.0018,0.04995163
1500593298667,61033652,2830.0019,0.35738938
1500593298820,61033653,2830.002,0.1903848
1500593298820,61033653,2830.0019,0.16700458
1500593298838,61033654,2830.0019,0.0
1500593299065,61033655,2750.1062,0.0
1500593299657,61033656,2764.1507,5.6152
1500593299859,61033657,2830.0018,0.0
1500593299859,61033657,2830.0021,0.04995163
1500593300041,61033658,2784.6914,0.0
1500593301337,61033659,2822,1.0
1500593301337,61033660,2800.3613,0.14220268
1500593301865,61033661,2815.97,0.0
1500593301865,61033661,2822.1,0.277
1500593301879,61033662,2830.0021,0.03641917
1500593302391,61033663,2830.0023,0.07465365
1500593302391,61033663,2800.1033,0.0
1500593302399,61033664,2830.0024,0.1903848
1500593302399,61033664,2830.002,0.0
1500593302688,61033667,2788.7904,0.0
1500593302879,61033669,2830,0.45960889
1500593302879,61033669,2830.0021,0.0
1500593302879,61033669,2830.0023,0.0
1500593302879,61033669,2830.0024,0.0
1500593303863,61033670,2803.188,0.14205929
1500593303887,61033671,2830.0001,0.1903848
1500593303979,61033673,2650,0.23269684
1500593304668,61033674,2830,0.0
1500593304678,61033675,2822.1001,0.1903848
1500593304678,61033675,2830.0001,0.0
1500593304879,61033676,2822.1002,0.16706713
1500593304889,61033677,2822.1001,0.0
1500593304889,61033677,2822.1003,0.1903848
1500593305062,61033678,2822.1002,0.0
1500593305062,61033678,2822.1001,0.16706713
1500593305134,61033679,2822.1002,0.03606533
1500593305236,61033680,2822.1001,0.0
1500593305236,61033680,2822.1004,0.16706713
1500593305246,61033681,2822.1005,0.1903848
1500593305246,61033681,2822.1003,0.0
1500593305402,61033682,2815.8696,0.0
1500593305416,61033683,2822.1006,0.16706713
1500593305416,61033683,2822.1004,0.0
1500593305425,61033684,2822.1007,0.1903848
1500593305425,61033684,2822.1005,0.0
1500593305595,61033685,2822.1008,0.16706713
1500593305595,61033685,2822.1006,0.0
1500593305606,61033686,2822.1009,0.1903848
1500593305606,61033686,2822.1007,0.0
1500593305775,61033687,2822.101,0.16706713
1500593305775,61033687,2822.1008,0.0
1500593305784,61033688,2822.1011,0.1903848
1500593305784,61033688,2822.1009,0.0
1500593305858,61033689,2815.8796,0.0
1500593305858,61033689,2812.9198,21.45167617
1500593305955,61033690,2822.101,0.0
1500593305955,61033690,2822.1012,0.16706713
1500593306019,61033691,2822.1013,0.1903848
1500593306019,61033691,2822.1011,0.0
1500593306161,61033692,2822.1013,0.0
1500593306161,61033692,2822.1,0.17052078
1500593306161,61033692,2822.1002,0.0
1500593306161,61033692,2822.1012,0.0
1500593306432,61033693,2822.1001,0.15
1500593306439,61033694,2822.1002,0.1903848
1500593306609,61033695,2822.1001,0.0
1500593306609,61033695,2822.1003,0.15
1500593306620,61033696,2822.1002,0.0
1500593306620,61033696,2822.1004,0.1903848
1500593306762,61033697,2805.4985,0.0
1500593306789,61033699,2822.1001,0.15
1500593306789,61033699,2822.1003,0.0
1500593306837,61033700,2829.9901,0.01
1500593307036,61033701,2812.9199,0.47137709
1500593307036,61033702,2822.1001,0.0
1500593307036,61033702,2822.1005,0.15
1500593307048,61033703,2822.1006,0.1903848
1500593307048,61033703,2822.1004,0.0
1500593307220,61033704,2822.1007,0.15
1500593307220,61033704,2822.1005,0.0
1500593307229,61033705,2822.1008,0.1903848
1500593307229,61033705,2822.1006,0.0
1500593307404,61033707,2822.1009,0.15
1500593307404,61033707,2822.1007,0.0
1500593307414,61033708,2822.101,0.1903848
1500593307414,61033708,2822.1008,0.0
1500593307584,61033710,2822.1011,0.15
1500593307584,61033710,2822.1009,0.0
1500593307593,61033711,2822.101,0.0
1500593307593,61033711,2822.1012,0.1903848
1500593307668,61033712,2808.0138,0.14181515
1500593307845,61033713,2822.1001,0.15
1500593307845,61033713,2822.1011,0.0
1500593308018,61033714,2822.1001,0.0
1500593308018,61033714,2822.1013,0.15
1500593308026,61033715,2822.1014,0.1903848
1500593308026,61033715,2822.1012,0.0
1500593308197,61033716,2822.1013,0.0
1500593308197,61033716,2822.1015,0.15
1500593308206,61033717,2822.1016,0.1903848
1500593308206,61033717,2822.1014,0.0
1500593308379,61033718,2822.1015,0.0
1500593308379,61033718,2822.1017,0.15
1500593308391,61033719,2822.1018,0.1903848
1500593308391,61033719,2822.1016,0.0
1500593308562,61033720,2822.1019,0.15
1500593308562,61033720,2822.1017,0.0
1500593308570,61033721,2822.1018,0.0
1500593308570,61033721,2822.102,0.1903848
1500593308833,61033722,2822.1019,0.0
1500593308833,61033722,2822.1001,0.15
1500593309004,61033723,2822.1001,0.0
1500593309004,61033723,2822.1021,0.15
1500593309017,61033724,2822.1022,0.1903848
1500593309017,61033724,2822.102,0.0
1500593309186,61033725,2822.1023,0.15
1500593309186,61033725,2822.1021,0.0
1500593309194,61033726,2822.1022,0.0
1500593309194,61033726,2822.1024,0.1903848
1500593309365,61033727,2822.1001,0.15
1500593309365,61033727,2822.1023,0.0
1500593309535,61033730,2822.1001,0.0
1500593309535,61033730,2822.1025,0.15
1500593309543,61033731,2822.1024,0.0
1500593309543,61033731,2822.1026,0.1903848
1500593309690,61033732,2811.9881,0.14161471
1500593309714,61033733,2822.1025,0.0
1500593309714,61033733,2822.1001,0.15
1500593309754,61033734,2812.9198,0.0
1500593309754,61033734,2815.9785,21.42837548
1500593309891,61033735,2822.1001,0.0
1500593309891,61033735,2822.1027,0.15
1500593309902,61033736,2822.1026,0.0
1500593309902,61033736,2822.1028,0.1903848
1500593310089,61033737,2822.1027,0.0
1500593310089,61033737,2822.1001,0.15
1500593310438,61033738,2822.1001,0.0
1500593310438,61033738,2822.1029,0.15
1500593310449,61033739,2822.103,0.1903848
1500593310449,61033739,2822.1028,0.0
1500593310619,61033740,2822.1029,0.0
1500593310619,61033740,2822.1031,0.15
1500593310628,61033741,2822.1032,0.1903848
1500593310628,61033741,2822.103,0.0
1500593310797,61033742,2822.1033,0.15
1500593310797,61033742,2822.1031,0.0
1500593310808,61033743,2822.1034,0.1903848
1500593310808,61033743,2822.1032,0.0
1500593310813,61033744,2815.8796,0.01
1500593310977,61033746,2822.1033,0.0
1500593312174,61033748,2809.5611,0.14173704
1500593313294,61033750,2812.9199,0.0
1500593313793,61033751,2805.4985,0.47262502
1500593314080,61033752,2812.4348,0.14159222
1500593314203,61033753,2800.1092,0.0
1500593314203,61033753,2829.9903,0.05233233
1500593314289,61033754,2805.39,0.0
1500593314999,61033755,2829.9901,0.0
1500593315237,61033756,2830.09,0.01
1500593316215,61033758,2830.0902,0.1572176
1500593316215,61033758,2800.2109,0.0
1500593316222,61033759,2822.1034,0.0
1500593316222,61033759,2830.0903,0.1903848
1500593318214,61033761,2793.1304,0.0
1500593318319,61033762,2829.9903,0.83012613
1500593319053,61033763,2830.0905,0.26579715
1500593319053,61033763,2805.1415,0.0
1500593319061,61033764,2830.0906,0.1903848
1500593319061,61033764,2830.0903,0.0
1500593321508,61033765,2822.1002,0.42124883
1500593321508,61033765,2805.3902,0.0
1500593321680,61033766,2796.6506,0.0
1500593321728,61033767,2830.0904,0.01
1500593322699,61033770,2798.576,0.0
1500593322735,61033771,2830.0805,0.01
1500593322740,61033772,2815.8796,0.0
1500593324199,61033773,2802.8673,0.0
1500593324200,61033774,2822.1002,1.66931578
1500593324200,61033774,2805.4911,0.0
1500593324277,61033775,2830,1.04343421
1500593325183,61033777,2800.3613,0.0
1500593326101,61033779,2803.188,0.0
1500593326396,61033780,2830.0906,0.11483621
1500593326573,61033781,2805.4985,0.0
1500593326721,61033782,2808.0138,0.0
1500593326763,61033783,2822.1003,0.46984566
1500593327443,61033784,2830.0906,0.0
1500593327443,61033784,2830.0905,0.2296357
1500593327490,61033785,2805.4933,0.0
1500593327490,61033785,2830.0908,0.10600013
1500593327497,61033786,2830.0909,0.0288456
1500593327682,61033787,2811.9881,0.0
1500593327909,61033788,2830.0906,0.01
1500593328833,61033790,2809.5611,0.0
1500593329066,61033791,2829.9903,0.05233233
1500593330104,61033792,2812.4348,0.0
1500593330871,61033793,2764.1507,0.0
1500593331069,61033794,2820.8626,21.39127394
1500593331069,61033794,2815.9785,0.0
1500593331086,61033795,2822.1005,2.06826844
1500593331086,61033795,2805.4963,0.0
1500593331321,61033796,2777.9544,5.6152
