timestamp,id,price,q
1500593106379,61032121,2766.0747,0.0
1500593106379,61032121,2765.9699,0.0
1500593106379,61032121,2765.86,0.0
1500593106379,61032121,2768.113,0.02155829
1500593106531,61032123,2780.8017,8.50776512
1500593106531,61032123,2774.7671,0.0
1500593106792,61032126,2768.113,0.0
1500593106792,61032126,2768.12,1.32243004
1500593106792,61032127,2777.7839,0.0
1500593106792,61032127,2779.3032,1.71492484
1500593107792,61032128,2784.4544,0.0
1500593109540,61032146,2784.4213,0.0
1500593109932,61032151,2784.8372,0.0
1500593109932,61032151,2784.0819,3.04668145
1500593109978,61032152,2771.0922,0.0
1500593109978,61032152,2768.2488,2.28785846
1500593110157,61032156,2774.7162,8.50776512
1500593110157,61032156,2780.8017,0.0
1500593110576,61032161,2811.9814,22.60394659
1500593110576,61032161,2814.8329,0.0
1500593111033,61032168,2777.2696,0.96153426
1500593111034,61032169,2768.12,0.9890967
1500593111180,61032170,2811.1984,30.0
1500593111180,61032170,2814.0491,0.0
1500593111283,61032172,2768.12,0.25576336
1500593111727,61032180,2885.5396,0.0
1500593111737,61032181,2783.9329,0.0
1500593112245,61032185,2884.7072,1.4
1500593112246,61032186,2774.7161,0.07605447
1500593112246,61032186,2777.784,0.0
1500593112787,61032193,2765.8599,0.01
1500593113910,61032208,2772.483,0.83120841
1500593114229,61032213,2765.75,0.063
1500593114762,61032219,2771.4548,2.28785846
1500593114762,61032219,2768.2488,0.0
1500593114847,61032221,2771.1005,0.65626758
1500593115591,61032222,2780.7915,8.50776512
1500593115591,61032222,2774.7162,0.0
1500593115666,61032223,2784.5188,0.0
1500593116626,61032226,2765.7499,0.05049087
1500593117022,61032229,2765.75,0.0
1500593117022,61032229,2765.64,0.063
1500593118018,61032230,2771.4548,0.0
1500593118018,61032230,2777.8741,2.28785846
1500593118029,61032231,2772.3771,0.23251912
1500593118477,61032233,2765.6399,0.05049087
1500593118477,61032233,2765.7499,0.0
1500593118792,61032234,2779.3033,0.0
1500593118793,61032235,2765.64,0.0
1500593118793,61032235,2765.53,0.063
1500593120568,61032238,2765.5299,0.05049087
1500593120568,61032238,2765.6399,0.0
1500593120958,61032240,2768.2558,0.89406055
1500593120967,61032241,2765.42,0.063
1500593120967,61032241,2765.53,0.0
1500593121667,61032242,2777.8741,0.0
1500593121667,61032242,2771.4548,2.28785846
1500593121671,61032243,2779.3831,0.0
1500593122364,61032244,2765.5299,0.0
1500593122364,61032244,2765.4199,0.05049087
1500593122827,61032245,2765.42,0.0
1500593122827,61032245,2765.31,0.063
1500593122827,61032246,2768.6807,0.20832738
1500593123100,61032247,2771.1004,0.05344702
1500593123100,61032247,2777.6172,0.700679
1500593123363,61032248,2811.9814,0.0
1500593123363,61032248,2808.1394,22.60394659
1500593123597,61032249,2780.7915,0.0
1500593123597,61032249,2783.2782,8.50776512
1500593123668,61032251,2781.1957,0.0
1500593124103,61032253,2769.5389,0.0
1500593124454,61032254,2765.3099,0.05049087
1500593124454,61032254,2765.4199,0.0
1500593124565,61032255,2768.12,0.0
1500593124819,61032257,2765.2,0.063
1500593124819,61032257,2765.31,0.0
1500593124836,61032258,2765.42,0.54259882
1500593125630,61032259,2772.4829,0.16048704
1500593125630,61032259,2772.7283,0.10832522
1500593125668,61032260,2771.4548,0.0
1500593125668,61032260,2782.1544,2.28785846
1500593125668,61032261,2771.1193,0.60567713
1500593126003,61032265,2804.606,30.0
1500593126003,61032265,2811.1984,0.0
1500593126553,61032267,2765.3099,0.0
1500593126553,61032267,2765.1999,0.05049087
1500593127008,61032269,2765.32,0.063
1500593127008,61032269,2765.2,0.0
1500593127332,61032270,2808.1394,0.0
1500593127332,61032270,2839.676,22.60394659
1500593127826,61032272,2787.8502,8.50776512
1500593127826,61032272,2783.2782,0.0
1500593127832,61032273,2783.9232,0.0
1500593127833,61032274,2777.2695,0.27036719
1500593127833,61032274,2777.6172,0.43031181
1500593128500,61032276,2765.32,0.0
1500593128500,61032276,2765.42,0.32275635
1500593128500,61032276,2765.1999,0.0
1500593128799,61032277,2765.42,0.0
1500593128799,61032277,2765.8599,0.0
1500593128799,61032277,2768.2558,0.56015023
1500593129030,61032278,2770.0274,0.82396793
1500593129498,61032279,2768.6807,0.0
1500593129498,61032279,2768.2558,0.0
1500593129498,61032279,2770.0274,0.48691712
1500593129754,61032280,2769.5389,0.6714109
1500593129935,61032281,2784.9665,0.0
1500593130577,61032284,2842.1874,0.0
1500593130657,61032287,2777.2695,0.700679
1500593130657,61032287,2777.6172,0.0
1500593130671,61032288,2773.1187,0.61380738
1500593131105,61032289,2790.7971,0.0
1500593131406,61032293,2769.5388,0.19366114
1500593131793,61032298,2777.2695,12.154979
1500593131794,61032299,2791.2815,8.50776512
1500593131794,61032299,2787.8502,0.0
1500593131819,61032300,2784.992,0.0
1500593132013,61032304,2779.3031,0.3505246
1500593132014,61032305,2809.1889,30.0
1500593132014,61032305,2804.606,0.0
1500593132871,61032314,2782.1544,0.0
1500593132871,61032314,2784.4706,2.28785846
1500593132872,61032315,2773.2625,0.59993404
1500593132883,61032316,2779.3032,0.44388324
1500593132883,61032316,2771.1004,1.32448862
1500593133581,61032325,2816.8847,22.60394659
1500593133581,61032325,2839.676,0.0
1500593134140,61032334,2784.082,0.0
1500593134734,61032344,2773.5465,0.42740598
1500593134821,61032347,2769.42,0.01
1500593135265,61032357,2769.4199,0.10832522
1500593135265,61032357,2772.7283,0.0
1500593135276,61032358,2769.5388,0.0
1500593135276,61032358,2769.4198,0.19366114
1500593135532,61032361,2791.2815,0.0
1500593135532,61032361,2794.3346,8.50776512
1500593135609,61032364,2779.3031,0.0
1500593135822,61032368,2771.1003,0.3505246
1500593135861,61032369,2769.5388,0.04512018
1500593137177,61032383,2777.9081,0.41009149
1500593138247,61032398,2853.5281,22.60394659
1500593138247,61032398,2816.8847,0.0
1500593139243,61032409,2794.3346,0.0
1500593139243,61032409,2803.4863,8.50776512
1500593139300,61032412,2777.2696,0.0
1500593139639,61032415,2769.31,0.032
1500593139828,61032421,2783.9231,0.0
1500593139828,61032421,2784.4705,2.10587755
1500593140857,61032434,2773.7974,0.90949023
1500593140900,61032436,2789.2105,2.28785846
1500593140900,61032436,2784.4706,0.0
1500593141018,61032438,2769.4198,0.0
1500593141018,61032438,2771.1002,0.20514102
1500593141674,61032441,2803.4863,0.0
1500593141674,61032441,2806.8695,8.50776512
1500593142232,61032443,2789.2104,1.76854434
1500593142232,61032443,2781.1956,0.0
1500593142882,61032448,2772.483,0.0
1500593142882,61032449,2884.7072,0.0
1500593143667,61032452,2789.2105,0.0
1500593143667,61032452,2791.2405,2.28785846
1500593144071,61032454,2883.8866,1.41
1500593144175,61032455,2800,0.57912998
1500593144330,61032456,2779.3032,0.0
1500593144330,61032456,2789.5599,0.44388324
1500593144940,61032460,2779.1509,0.98055238
1500593145756,61032463,2771.1005,0.0
1500593146069,61032467,2769.42,0.52703341
1500593146565,61032470,2789.5599,3.49056469
1500593146565,61032470,2784.0819,0.0
1500593146670,61032472,2780.5038,0.97479135
1500593147727,61032474,2791.2405,0.0
1500593147727,61032474,2789.3161,2.28785846
1500593147728,61032475,2772.3771,0.0
1500593147821,61032477,2771.1002,0.0
1500593147821,61032477,2769.4198,0.20514102
1500593148429,61032478,2769.4198,0.0
1500593148429,61032478,2769.31,0.0
1500593148429,61032478,2769.4199,0.0121329
1500593148533,61032479,2806.8695,0.0
1500593148533,61032479,2803.4959,8.50776512
1500593148807,61032480,2769.3099,0.01
1500593149030,61032482,2769.4199,0.0
1500593149030,61032482,2769.3099,0.0
1500593149030,61032482,2769.42,0.21583297
1500593149216,61032483,2777.908,0.07605447
1500593149216,61032483,2774.7161,0.0
1500593149668,61032486,2773.5318,0.59268957
1500593149998,61032488,2815.9357,30.0
1500593149998,61032488,2809.1889,0.0
1500593150611,61032489,2769.5388,0.0
1500593150611,61032489,2769.5389,0.4323675
1500593150611,61032489,2769.42,0.0
1500593151531,61032493,2803.4959,0.0
1500593151531,61032493,2800.0796,8.50776512
1500593151758,61032494,2789.3161,0.0
1500593151758,61032494,2771.201,2.28785846
1500593152238,61032496,2769.5389,0.09903416
1500593152372,61032497,2853.5281,0.0
1500593152372,61032497,2837.8291,22.60394659
1500593152774,61032498,2780.5761,0.53506613
1500593153275,61032499,2770.0274,0.0
1500593153275,61032499,2771.1004,0.2609645
1500593153275,61032499,2771.1003,0.0
1500593153275,61032499,2769.5389,0.0
1500593153752,61032501,2771.1193,0.0
1500593153752,61032501,2771.1004,0.0
1500593153977,61032503,2771.201,0.0
1500593153977,61032503,2791.3462,2.28785846
1500593154256,61032505,2773.1187,0.27429794
1500593154256,61032505,2772.4829,0.0
1500593154285,61032506,2773.1187,0.21729495
1500593154569,61032509,2800.0796,0.0
1500593154569,61032509,2810.2399,8.50776512
1500593156649,61032512,2773.5318,0.40991856
1500593156649,61032512,2773.1187,0.0
1500593156649,61032512,2773.2625,0.0
1500593156679,61032513,2774.856,0.85685158
1500593157392,61032515,2773.01,0.016
1500593157541,61032516,2812.404,8.50776512
1500593157541,61032516,2810.2399,0.0
1500593157698,61032517,2795.6702,2.28785846
1500593157698,61032517,2791.3462,0.0
1500593158025,61032519,2773.01,0.0
1500593158025,61032519,2773.43,0.016
1500593158823,61032524,2773.5318,0.12591966
1500593158823,61032524,2773.43,0.0
1500593159361,61032529,2837.8291,0.0
1500593159361,61032529,2828.6682,22.60394659
1500593159675,61032534,2780.1222,0.73072356
1500593162007,61032560,2782.2767,2.28785846
1500593162007,61032560,2795.6702,0.0
1500593162543,61032563,2773.5318,0.0
1500593162543,61032563,2773.5465,0.0
1500593162543,61032563,2773.7974,0.65736656
1500593162578,61032564,2812.404,0.0
1500593162578,61032564,2810.2399,8.50776512
1500593162676,61032566,2778.2819,0.62618017
1500593162767,61032567,2773.7974,0.47192043
1500593163669,61032569,2773.7974,0.46188005
1500593163873,61032570,2790.7972,0.0
1500593164811,61032577,2792.753,2.28785846
1500593164811,61032577,2782.2767,0.0
1500593164828,61032578,2782.2766,0.27036719
1500593164828,61032578,2777.2695,11.88461181
1500593165558,61032580,2801.8082,8.50776512
1500593165558,61032580,2810.2399,0.0
1500593166491,61032582,2774.856,0.65206496
1500593166491,61032582,2773.7974,0.0
1500593167025,61032585,2774.856,0.62350952
1500593167035,61032586,2774.856,0.0
1500593167035,61032586,2777.2695,11.28914498
1500593168150,61032587,2781.6643,0.1369361
1500593168285,61032589,2815.9357,0.0
1500593168285,61032589,2825.2702,30.0
1500593168293,61032590,2777.2694,0.01
1500593169168,61032591,2792.753,0.0
1500593169168,61032591,2796.0145,2.28785846
1500593169171,61032592,2845.0719,0.0
1500593170045,61032594,2801.8082,0.0
1500593170045,61032594,2814.1275,8.50776512
1500593170046,61032595,2832.3252,22.60394659
1500593170046,61032595,2828.6682,0.0
1500593170180,61032598,2800,0.50285998
1500593170205,61032599,2777.2695,0.0
1500593171077,61032603,2777.2694,0.0
1500593171077,61032603,2777.9081,0.0
1500593171077,61032603,2778.2819,0.45565946
1500593171077,61032603,2777.908,0.0
1500593171377,61032604,2812.4039,11.4543
1500593171978,61032607,2778.2819,0.15566111
1500593173306,61032612,2800,0.0
1500593173330,61032613,2835.0679,22.60394659
1500593173330,61032613,2832.3252,0.0
1500593173747,61032615,2799.2526,2.28785846
1500593173747,61032615,2796.0145,0.0
1500593174518,61032618,2780.1222,0.20027038
1500593174518,61032618,2779.1509,0.0
1500593174518,61032618,2778.2819,0.0
1500593175697,61032620,2812.4039,0.0
1500593175876,61032622,2780.1222,0.0
1500593175876,61032622,2780.5038,0.6750651
1500593176290,61032625,2832.8216,30.0
1500593176290,61032625,2825.2702,0.0
1500593176861,61032630,2789.2103,11.4543
1500593177329,61032631,2780.5038,0.62267442
1500593177709,61032633,2799.2526,0.0
1500593177709,61032633,2801.4246,2.28785846
1500593178062,61032635,2780.5038,0.56025928
1500593178815,61032638,2784.4705,0.0
1500593178815,61032638,2789.2102,2.10587755
1500593181178,61032641,2780.5038,0.26025969
1500593181344,61032643,2844.238,22.60394659
1500593181344,61032643,2835.0679,0.0
1500593181768,61032645,2789.2102,3.87442189
1500593181768,61032645,2789.2104,0.0
1500593182074,61032647,2780.5761,0.43532582
1500593182074,61032647,2780.5038,0.0
1500593182832,61032649,2797.3645,2.28785846
1500593182832,61032649,2801.4246,0.0
1500593182985,61032650,2789.2103,0.0
1500593183502,61032651,2814.1274,11.4543
1500593183657,61032652,2814.1275,0.0
1500593183657,61032652,2822.2292,8.50776512
1500593184460,61032653,2789.5599,3.49056469
1500593184667,61032654,2814.1274,0.0
1500593185316,61032655,2795.6411,11.4543
1500593186347,61032661,2844.238,0.0
1500593186347,61032661,2855.1339,22.60394659
1500593186667,61032666,2797.3645,0.0
1500593186667,61032666,2792.259,2.28785846
1500593186683,61032667,2795.6411,0.0
1500593186732,61032668,2789.5599,0.44388324
1500593186732,61032668,2795.641,3.04668145
1500593187315,61032669,2782.2766,0.0
1500593187315,61032669,2781.6643,0.0
1500593187315,61032669,2780.5761,0.0
1500593187315,61032669,2789.2102,3.41414465
1500593187628,61032670,2780,0.05
1500593187648,61032672,2814.1274,11.4543
1500593188333,61032674,2780,1.21891763
1500593188455,61032675,2780.5037,0.01
1500593188927,61032677,2787.9048,0.21561873
1500593188927,61032678,2780,0.0
1500593188927,61032678,2780.5037,0.0
1500593188974,61032680,2787.9048,0.0
1500593188974,61032680,2789.2102,3.12976338
1500593189119,61032681,2839.9275,30.0
1500593189119,61032681,2832.8216,0.0
1500593189342,61032685,2789.2101,0.20746688
1500593189617,61032693,2817.8102,8.50776512
1500593189617,61032693,2822.2292,0.0
1500593190670,61032699,2827.2363,2.28785846
1500593190670,61032699,2792.259,0.0
1500593193372,61032706,2789.13,0.02
1500593194995,61032723,2822.9005,8.50776512
1500593194995,61032723,2817.8102,0.0
1500593195028,61032724,2827.2363,0.0
1500593195028,61032724,2801.4449,2.28785846
1500593195413,61032729,2789.13,0.0
1500593195413,61032729,2789.2101,0.07646922
1500593196111,61032738,2839.9275,0.0
1500593196111,61032738,2850.2895,30.0
1500593197513,61032754,2789.2102,3.08366431
1500593197513,61032754,2789.2101,0.0
1500593197582,61032757,2789.2101,0.20746688
1500593197965,61032762,2789.2102,2.61075625
1500593197965,61032762,2789.2101,0.0
1500593198818,61032774,2822.9005,0.0
1500593198818,61032774,2835.7938,8.50776512
1500593199668,61032783,2801.4449,0.0
1500593199668,61032783,2827.2058,2.28785846
1500593200283,61032792,2789.2102,2.59631489
1500593202534,61032798,2838.0328,8.50776512
1500593202534,61032798,2835.7938,0.0
1500593202667,61032799,2814.1935,2.28785846
1500593202667,61032799,2827.2058,0.0
1500593205195,61032806,2842.273,0.0
1500593206063,61032807,2870.4903,11.4543
1500593206511,61032808,2814.1274,0.0
1500593206576,61032809,2830.2044,8.50776512
1500593206576,61032809,2838.0328,0.0
1500593206799,61032811,2814.1935,0.0
1500593206799,61032811,2821.6537,2.28785846
1500593207023,61032814,2829.9999,11.4543
1500593208593,61032824,2789.2102,2.29631599
1500593210206,61032843,2850.2895,0.0
1500593210206,61032843,2840.0167,30.0
1500593210869,61032845,2834.6826,8.50776512
1500593210869,61032845,2830.2044,0.0
1500593211294,61032847,2900,0.75285998
1500593211927,61032849,3110,0.98356074
1500593213668,61032854,2807.9474,2.28785846
1500593213668,61032854,2821.6537,0.0
1500593214099,61032855,2789.2102,2.09591876
1500593214423,61032856,2789.2102,1.16258786
1500593214449,61032857,2789.2102,0.88912694
1500593216677,61032862,2807.9474,0.0
1500593216677,61032862,2822.608,2.28785846
1500593217608,61032863,2789.56,0.0
1500593217608,61032863,2789.2102,0.0
1500593217608,61032863,2789.5599,0.0
1500593217829,61032870,2795.6409,0.20053169
1500593218389,61032871,2795.6409,0.0
1500593218389,61032871,2795.641,2.94721589
1500593218609,61032873,2832.3255,8.93891933
1500593218609,61032873,2834.6826,0.0
1500593219478,61032874,2795.6408,0.01
1500593220845,61032877,2822.608,0.0
1500593220845,61032877,2827.1654,2.28785846
1500593221547,61032879,2829.9999,0.0
1500593222131,61032882,2807.9473,11.4543
1500593222612,61032886,2807.9473,0.0
1500593223070,61032890,2822.6079,11.4543
1500593224570,61032917,2838.1986,8.93891933
1500593224570,61032917,2832.3255,0.0
1500593225205,61032927,2795.6408,0.0
1500593225422,61032930,2795.641,0.0
1500593231894,61032950,2795.6411,0.19718381
1500593232238,61032956,2844.3514,30.0
1500593232238,61032956,2840.0167,0.0
1500593234514,61032967,2822.6078,0.19718381
1500593234514,61032967,2795.6411,0.0
1500593240713,61032985,2795.641,0.01
1500593242833,61032993,2827.1654,0.0
1500593242833,61032993,2829.7318,3.11792434
1500593244207,61033000,2847.1523,30.0
1500593244207,61033000,2844.3514,0.0
1500593244763,61033002,2795.641,0.0
1500593244763,61033002,2795.6412,0.0
1500593245265,61033009,2822.6077,0.01
1500593248012,61033021,2847.1523,0.0
1500593248012,61033021,2850.7277,30.0
1500593249552,61033036,2842.4562,8.93891933
1500593249552,61033036,2838.1986,0.0
1500593251667,61033064,2834.8169,3.11792434
1500593251667,61033064,2829.7318,0.0
1500593254580,61033107,2845.6564,8.93891933
1500593254580,61033107,2842.4562,0.0
1500593257198,61033132,2834.8169,0.0
1500593257198,61033132,2841.8912,3.11792434
1500593261197,61033178,2822.6077,0.0
1500593261197,61033178,2822.6078,0.18874849
1500593261616,61033184,2854.3401,8.93891933
1500593261616,61033184,2845.6564,0.0
1500593262431,61033194,2858.7851,22.60394659
1500593262431,61033194,2855.1339,0.0
1500593262747,61033201,2841.8912,0.0
1500593262747,61033201,2831.7719,3.11792434
1500593264668,61033218,2831.7719,0.0
1500593264668,61033218,2841.9217,3.11792434
1500593266216,61033239,2830,0.7571
1500593266437,61033242,2855.6167,22.60394659
1500593266437,61033242,2858.7851,0.0
1500593270226,61033291,2822.6079,10.50006301
1500593270226,61033291,2822.6078,0.0
1500593270705,61033296,2822.6079,8.70006301
1500593271530,61033309,2857.0326,8.93891933
1500593271530,61033309,2854.3401,0.0
1500593272125,61033316,2852.8698,30.0
1500593272125,61033316,2850.7277,0.0
1500593272978,61033328,2849.9148,3.11792434
1500593272978,61033328,2841.9217,0.0
1500593275346,61033353,2855.6167,0.0
1500593275346,61033353,2863.2856,22.60394659
1500593275778,61033358,2822.6079,0.0
1500593276473,61033369,2870.4903,0.0
1500593276667,61033372,2849.9148,0.0
1500593276667,61033372,2845.4187,3.11792434
1500593276754,61033374,2839.9999,11.4543
1500593278072,61033395,2898.5005,11.4543
1500593281113,61033436,2849.8945,3.11792434
1500593281113,61033436,2845.4187,0.0
1500593281130,61033437,3100,4.1573598
1500593288564,61033520,2842.1872,1.09961216
1500593290309,61033545,2850.7277,30.0
1500593290309,61033545,2852.8698,0.0
1500593292460,61033576,2829.9999,0.01
1500593294180,61033595,2830,0.0
1500593294180,61033595,2839.9999,9.1974175
1500593294180,61033595,2829.9999,0.0
1500593294180,61033595,2834.9798,0.0
1500593296705,61033622,2839.9999,0.0
1500593297048,61033627,2842.1871,0.53890736
1500593297359,61033633,2857.0325,11.4543
1500593298587,61033651,2849.8944,3.02238752
1500593302579,61033665,2839.9999,0.01353246
1500593302651,61033666,2854.984,8.93891933
1500593302651,61033666,2857.0326,0.0
1500593302749,61033668,2842.1871,0.0
1500593303891,61033672,2839.9999,0.20391726
1500593306762,61033698,2846.8786,7.10289934
1500593306762,61033698,2849.8945,0.0
1500593307247,61033706,2849.8943,0.538
1500593307531,61033709,2854.984,0.0
1500593307531,61033709,2852.7186,8.93891933
1500593309422,61033728,2863.2856,0.0
1500593309422,61033728,2865.6367,22.60394659
1500593309460,61033729,2998.98,0.5
1500593310820,61033745,2854.9993,8.93891933
1500593310820,61033745,2852.7186,0.0
1500593312065,61033747,2998.9999,0.0
1500593313179,61033749,2998.9799,0.44413877
1500593315669,61033757,2846.8786,0.0
1500593316731,61033760,2849.9743,7.10289934
1500593322121,61033768,2849.8943,0.0
1500593322467,61033769,2849.8941,0.538
1500593324607,61033776,2839.9998,0.01
1500593325502,61033778,2839.9999,0.1903848
1500593325502,61033778,2839.9997,0.01353246
1500593328531,61033789,2852.7427,8.93891933
1500593328531,61033789,2854.9993,0.0
1500593331672,61033797,2849.9743,0.0
1500593331672,61033797,2854.9173,7.10289934
1500593332413,61033802,2863.2856,22.60394659
1500593332413,61033802,2865.6367,0.0
1500593332583,61033803,2852.7427,0.0
1500593332583,61033803,2855.3027,9.62234495
1500593335931,61033812,2854.9173,0.0
1500593335931,61033812,2850.1778,7.10289934
1500593335936,61033813,2855.3027,0.0
1500593335936,61033813,2852.9307,9.62234495
1500593337506,61033815,2849.8941,0.0
1500593337858,61033816,2849.8939,0.538
1500593338022,61033817,2849.9999,3.02238752
1500593338022,61033817,2849.8944,0.0
1500593340148,61033821,2857.0325,0.0
1500593340788,61033825,2938,0.75
1500593340789,61033827,2898.5005,0.0
1500593341321,61033829,2883.1597,11.4543
1500593341321,61033830,2920.0247,11.4543
1500593341495,61033831,2839.9996,0.07465365
1500593341515,61033832,2839.9999,0.0
1500593341515,61033832,2839.9995,0.19152103
1500593341530,61033833,2855.0483,9.62234495
1500593341530,61033833,2852.9307,0.0
1500593341713,61033835,2854.9173,7.10289934
1500593341713,61033835,2850.1778,0.0
1500593342322,61033837,2839.9,0.01
1500593342447,61033839,2839.8999,0.01353246
1500593342447,61033839,2839.9997,0.0
1500593342605,61033840,2854.81,0.179
1500593343149,61033844,2849.79,0.179
1500593343149,61033844,2854.81,0.0
1500593344899,61033855,2854.9173,0.0
1500593344899,61033855,2856.6319,7.10289934
1500593345636,61033857,2855.0483,0.0
1500593345636,61033857,2862.3982,9.62234495
1500593348260,61033865,2856.53,0.179
1500593348260,61033865,2849.79,0.0
1500593348817,61033866,2852.6864,9.62234495
1500593348817,61033866,2862.3982,0.0
1500593348975,61033868,2849.79,0.179
1500593348975,61033868,2856.53,0.0
1500593350945,61033873,2883.8866,0.0
1500593350945,61033874,2851.213,7.10289934
1500593350945,61033874,2856.6319,0.0
1500593352273,61033879,2883.5423,1.42
1500593352700,61033880,2852.6864,0.0
1500593352700,61033880,2862.3931,9.62234495
1500593353103,61033882,2849.8939,0.0
1500593353491,61033886,2849.7898,0.538
1500593353492,61033887,2849.89,0.179
1500593353492,61033887,2849.79,0.0
1500593354193,61033891,2849.89,0.0
1500593354193,61033891,2849.68,0.179
1500593354366,61033892,2839.8998,0.1572176
1500593354381,61033893,2839.8997,0.20161262
1500593354381,61033893,2839.9995,0.0
1500593354486,61033894,2839.8996,0.01353246
1500593354486,61033894,2839.8999,0.0
1500593354880,61033898,2851.213,0.0
1500593354880,61033898,2856.6319,7.10289934
1500593356716,61033903,2862.3931,0.0
1500593356716,61033903,2866.5993,9.62234495
1500593357033,61033905,2842.1871,0.26579715
1500593358263,61033907,2883.1597,0.0
1500593358285,61033908,2854.9275,7.10289934
1500593358285,61033908,2856.6319,0.0
1500593358363,61033909,2839.8998,0.1672176
1500593358544,61033910,2857.145,0.0
1500593358658,61033912,2863.2855,11.4543
1500593359529,61033920,2866.5993,0.0
1500593359529,61033920,2854.5306,9.62234495
1500593361551,61033924,2849.68,0.0
1500593362548,61033932,2849.68,0.232
1500593363159,61033936,2955,0.0248002
1500593363770,61033938,2863.1097,9.62234495
1500593363770,61033938,2854.5306,0.0
1500593364189,61033941,2863.2855,0.0
1500593364722,61033944,2839.8995,0.10600013
1500593364735,61033946,2839.8994,0.20161262
1500593364735,61033946,2839.8997,0.0
1500593364765,61033947,2883.1596,11.4543
1500593365016,61033948,2839.8894,0.3
1500593365033,61033950,2839.8893,0.20161262
1500593365033,61033950,2839.8994,0.0
1500593366666,61033957,2850.8295,7.10289934
1500593366666,61033957,2854.9275,0.0
1500593367659,61033962,2839.8892,0.04
1500593367659,61033963,2863.1097,0.0
1500593367659,61033963,2865.1415,9.62234495
1500593368018,61033966,2839,0.606214
1500593368024,61033967,2838.9999,0.20161262
1500593368024,61033967,2839.8893,0.0
1500593368137,61033968,2839.8894,0.0
1500593368137,61033969,2883.5423,0.0
1500593368887,61033970,2849.7898,0.0
1500593369531,61033971,2850.7275,0.538
1500593369564,61033972,2883.2028,1.43
1500593369565,61033973,2839.8996,0.0
1500593369565,61033973,2838.9998,0.01353246
1500593370550,61033981,2865.1415,0.0
1500593370550,61033981,2860.5685,9.62234495
1500593370994,61033983,2842.1871,0.29622634
1500593371666,61033984,2838.9898,0.3
1500593371674,61033985,2838.9897,0.20161262
1500593371674,61033985,2838.9999,0.0
1500593372746,61033987,2839.9,0.0
1500593372820,61033988,2849.68,0.0
1500593373076,61033990,2838.91,0.02
1500593374275,61033998,2838.9898,0.0
1500593375083,61033999,2860.5684,3.02238752
1500593375083,61033999,2849.9999,0.0
1500593375939,61034001,2973.5318,0.1
1500593376570,61034002,2838.9099,0.01353246
1500593376570,61034002,2838.9998,0.0
1500593377449,61034003,2838.8999,0.3
1500593377468,61034004,2838.8998,0.20161262
1500593377468,61034004,2838.9897,0.0
1500593377589,61034005,2842.1871,0.26579715
1500593377860,61034006,2839.9996,0.0
1500593377860,61034006,2838.9098,0.07465365
1500593377864,61034007,2863.2856,0.0
1500593377864,61034007,2860.9531,22.8558094
1500593378041,61034008,2838.8997,0.01353246
1500593378041,61034008,2838.9099,0.0
1500593378187,61034009,2850.7276,0.03042919
1500593378454,61034010,2840.1599,0.51067326
1500593380123,61034015,2839.8892,0.0
1500593380126,61034016,2856.6319,7.10289934
1500593380126,61034016,2850.8295,0.0
1500593380352,61034018,2838.8999,0.0
1500593382060,61034020,2838.8997,0.05353246
1500593383087,61034027,2838.8897,0.3
1500593383100,61034028,2838.8896,0.19687148
1500593383100,61034028,2838.8998,0.0
1500593383383,61034030,2838.8997,0.04
1500593383383,61034030,2838.8895,0.01353246
1500593383407,61034031,2849.9,0.259
1500593384331,61034036,2863.0401,22.8558094
1500593384331,61034036,2860.9531,0.0
1500593384556,61034037,2850.7275,0.0
1500593384938,61034039,2850.7275,0.538
1500593386167,61034043,2838.8897,0.0
1500593387182,61034046,2838.8894,0.05231182
1500593387472,61034047,2838.8895,0.0
1500593387472,61034047,2838.8893,0.01353246
1500593387614,61034048,2855.2522,9.62234495
1500593387614,61034048,2860.5685,0.0
1500593388069,61034050,2883.2028,0.0
1500593388248,61034051,2873.5318,0.1
1500593389528,61034053,2882.8751,1.44
1500593390569,61034057,2860.9682,22.8558094
1500593390569,61034057,2863.0401,0.0
1500593390696,61034058,2839.8998,0.01
1500593390696,61034058,2838.8892,0.1572176
1500593390706,61034059,2838.8891,0.19687148
1500593390706,61034059,2838.8896,0.0
1500593390829,61034060,2855.2522,0.0
1500593390829,61034060,2857.9949,9.62234495
1500593391453,61034063,2838.8893,0.0
1500593391453,61034063,2838.889,0.01353246
1500593392481,61034065,2863.0401,22.8558094
1500593392481,61034065,2860.9682,0.0
1500593392635,61034066,2838.8894,0.06231182
1500593393200,61034068,2842.1871,0.0
1500593393200,61034068,2838.8889,0.26579715
1500593393209,61034069,2838.8891,0.0
1500593393209,61034069,2838.8888,0.19687148
1500593393425,61034070,2838.889,0.0
1500593393425,61034070,2838.8887,0.01353246
1500593393444,61034071,2838.8888,0.15079505
1500593393444,61034071,2838.8887,0.0
1500593394470,61034080,2838.8887,0.03641917
1500593394643,61034083,2857.9949,0.0
1500593394643,61034083,2855.4553,9.62234495
1500593395023,61034088,2838.8787,0.3
1500593395034,61034089,2838.8888,0.0
1500593395034,61034089,2838.8786,0.19687148
1500593395782,61034099,2900,0.25
1500593396462,61034107,2838.8785,0.03641917
1500593396462,61034107,2838.8887,0.0
1500593396699,61034112,2849.9,0.0
1500593396699,61034112,2839.79,0.259
1500593396867,61034115,2838,1.1899312
1500593396877,61034116,2837.9999,0.19687148
1500593396877,61034116,2838.8786,0.0
1500593397457,61034122,2838.8997,0.0
1500593397567,61034125,2858.9904,9.62234495
1500593397567,61034125,2855.4553,0.0
1500593397659,61034127,2850.7276,0.0
1500593397831,61034130,2837.9999,0.22730067
1500593398196,61034134,2838.8787,0.0
1500593398412,61034136,2838.8889,0.30579715
1500593398553,61034137,2837.9998,0.03641917
1500593398553,61034137,2838.8785,0.0
1500593398844,61034138,2839.79,0.0
1500593398844,61034138,2849.9,0.259
1500593399449,61034146,2850.7275,0.0
1500593399452,61034147,2849.9,0.0
1500593399452,61034147,2842.08,0.259
1500593399594,61034150,2839.8995,0.0
1500593399594,61034150,2837.9997,0.10600013
1500593399607,61034151,2837.9999,0.03042919
1500593399607,61034151,2837.9996,0.19687148
1500593399903,61034155,2850.7275,0.538
1500593400546,61034164,2837.9998,0.0
1500593400546,61034164,2837.9995,0.03641917
1500593401728,61034173,2837.9895,0.3
1500593401742,61034174,2837.9894,0.19687148
1500593401742,61034174,2837.9996,0.0
1500593402453,61034182,2837.9893,0.03641917
1500593402453,61034182,2837.9995,0.0
1500593402497,61034183,2838.91,0.0
1500593402895,61034187,2849.9,0.259
1500593402895,61034187,2842.08,0.0
1500593402970,61034190,2837.84,0.01
1500593403847,61034203,2849.9,0.0
1500593403847,61034203,2842.08,0.259
1500593404279,61034207,2837.9895,0.0
1500593404421,61034210,2837.8399,0.03641917
1500593404421,61034210,2837.9893,0.0
1500593404497,61034211,2837.84,0.0
1500593404497,61034211,2837.9894,0.17742462
1500593404497,61034211,2837.8399,0.0
1500593405268,61034221,2855.4532,9.62234495
1500593405268,61034221,2858.9904,0.0
1500593407491,61034251,2837.9794,0.3
1500593407499,61034252,2837.9793,0.19687148
1500593407499,61034252,2837.9894,0.0
1500593408531,61034265,2855.4532,0.0
1500593408531,61034265,2857.9487,9.62234495
1500593409865,61034276,2849.9,0.259
1500593409865,61034276,2842.08,0.0
1500593410170,61034277,2837.9794,0.0
1500593411633,61034282,2838.8889,0.26579715
1500593411643,61034283,2860.5684,0.0
1500593411643,61034283,2849.8999,3.02238752
1500593411725,61034284,2857.9487,0.0
1500593411725,61034284,2861.4787,9.62234495
1500593412300,61034286,2849.9,0.0
1500593412300,61034286,2849.79,0.259
1500593412764,61034287,2837.9792,0.04
1500593413034,61034290,2837.9692,0.3
1500593413043,61034291,2837.9691,0.20886913
1500593413043,61034291,2837.9793,0.0
1500593413833,61034301,2837.969,0.07465365
1500593413833,61034301,2838.9098,0.0
1500593413845,61034302,2837.9691,0.0
1500593413845,61034302,2837.9689,0.20886913
1500593414674,61034314,2850.7275,0.0
1500593414694,61034315,2842.08,0.259
1500593414694,61034315,2849.79,0.0
1500593415204,61034322,2850.7273,0.538
1500593415585,61034327,2860.9129,22.8558094
1500593415585,61034327,2863.0401,0.0
1500593416298,61034334,2837.9692,0.0
1500593416860,61034341,2839,0.0
1500593417698,61034350,2837.9689,0.1167751
1500593417803,61034353,2860.9129,0.0
1500593417803,61034353,2863.2296,22.8558094
1500593418853,61034364,2837.9689,0.04161131
1500593419114,61034367,2837.9589,0.3
1500593419135,61034368,2837.9588,0.20886913
1500593419135,61034368,2837.9689,0.0
1500593420610,61034386,2861.4787,0.0
1500593420610,61034386,2866.8256,9.62234495
1500593421343,61034395,2863.2296,0.0
1500593421343,61034395,2860.9221,22.8558094
1500593422715,61034413,2837.9589,0.0
1500593423654,61034427,2837.9587,0.05231182
1500593423654,61034427,2838.8894,0.01
1500593425030,61034445,2837.9588,0.20118095
1500593425030,61034445,2837.9587,0.0
1500593425054,61034446,2837.9792,0.0
1500593425152,61034450,2842.08,0.0
1500593425153,61034451,2837.9487,0.3
1500593425167,61034452,2837.9486,0.20886913
1500593425167,61034452,2837.9588,0.0
1500593425594,61034458,2866.8256,0.0
1500593425594,61034458,2863.3007,9.62234495
1500593425988,61034465,2838.8892,0.0
1500593425988,61034465,2837.9485,0.1572176
1500593425995,61034466,2839.79,0.259
1500593425995,61034467,2837.9486,0.0
1500593425995,61034467,2837.9484,0.20886913
1500593426189,61034470,2837.9587,0.04
1500593426579,61034475,2863.3635,22.8558094
1500593426579,61034475,2860.9221,0.0
1500593427935,61034492,2837,0.606214
1500593427945,61034494,2837.9484,0.0
1500593427945,61034494,2836.9999,0.20886913
1500593428203,61034496,2837.9487,0.0
1500593428239,61034497,3000,8.17843922
1500593428488,61034502,2836.9998,0.26579715
1500593428488,61034502,2838.8889,0.0
1500593428497,61034503,2836.9997,0.20886913
1500593428497,61034503,2836.9999,0.0
1500593430998,61034533,2850.7273,0.0
1500593431026,61034535,2836.9897,0.3
1500593431035,61034536,2836.9896,0.20886913
1500593431035,61034536,2836.9997,0.0
1500593431579,61034544,2850.7271,0.538
1500593431623,61034545,2838,0.0
