timestamp,id,price,q
1500591203999,61022186,2789.2631,0.0
1500591204312,61022187,2768.769,0.96432619
1500591204448,61022188,2808.1457,0.0
1500591204717,61022189,2820.2994,0.05
1500591204841,61022190,2799.3182,0.0
1500591204845,61022191,2808.1459,0.5504
1500591205552,61022193,2819.9189,0.1841
1500591205688,61022194,2799.2112,0.0
1500591205865,61022195,2820.3094,0.0
1500591206516,61022196,2803.3228,1.82610162
1500591206516,61022196,2805.511,2.16754181
1500591208769,61022203,2803.3228,0.0
1500591208769,61022203,2808.1461,1.82296509
1500591209320,61022205,2781.2085,0.0
1500591210172,61022209,2820.27,0.0
1500591210796,61022213,2808.1453,0.0
1500591210955,61022216,2808.1462,0.47172045
1500591211075,61022217,2820.4,0.123
1500591211109,61022219,2820.3095,0.04933237
1500591211109,61022219,2820.4001,0.20186109
1500591211131,61022220,2820.1796,0.0
1500591211428,61022222,2820.3095,0.0
1500591211428,61022222,2820.4002,0.04933237
1500591212359,61022225,2820.4,0.0
1500591212359,61022225,2820.39,0.123
1500591213013,61022228,2820.39,0.0
1500591213013,61022228,2820.5,0.123
1500591213067,61022229,2820.5001,0.20186109
1500591213067,61022229,2820.4001,0.0
1500591213258,61022231,2803.3228,3.15338986
1500591213258,61022231,2800.3552,0.0
1500591213419,61022232,2820.4002,0.0
1500591213419,61022232,2820.5002,0.04933237
1500591213665,61022233,2800.3129,0.0
1500591213809,61022235,2820.5,0.0
1500591213809,61022235,2820.39,0.123
1500591214772,61022238,2820.39,0.0
1500591214772,61022238,2820.6,0.123
1500591214818,61022239,2820.5001,0.0
1500591214818,61022239,2820.6001,0.20186109
1500591214825,61022240,2800.3205,0.0
1500591214834,61022241,2797.9965,0.108
1500591215334,61022242,2781.2085,0.327
1500591215357,61022243,2814.0002,0.13330489
1500591215418,61022245,2820.5002,0.0
1500591215418,61022245,2820.6002,0.04933237
1500591215867,61022246,2800.355,0.0
1500591217672,61022251,2800.0455,0.0
1500591219045,61022255,2820.2994,0.0
1500591219687,61022257,2801.4121,0.0
1500591219763,61022258,2808.1459,0.0
1500591220048,61022262,2808.1494,0.42308
1500591220185,61022263,2808.1464,0.5504
1500591220186,61022264,2816.5047,0.01
1500591220314,61022265,2808.1494,0.0
1500591220365,61022266,2820.5901,0.05
1500591220396,61022267,2808.1567,0.40918
1500591220496,61022268,2808.1567,0.0
1500591220601,61022270,2808.1518,0.27904
1500591220716,61022271,2801.1569,0.0
1500591222881,61022279,2802.3458,0.9380992
1500591222905,61022280,2808.1518,0.0
1500591223098,61022281,2808.1552,0.22473
1500591223905,61022284,2797.9965,0.0
1500591224256,61022285,2781.2085,0.0
1500591224341,61022286,2791.37,0.0
1500591224666,61022287,2800.6893,0.99438923
1500591225127,61022288,2803.3226,0.0
1500591225127,61022288,2806.2752,8.94552722
1500591225425,61022289,2814.0002,0.07759772
1500591225425,61022289,2816.5049,0.05565763
1500591226165,61022293,2808.1552,0.0
1500591226963,61022294,2802.6702,0.25132125
1500591228718,61022296,2798.1462,0.108
1500591228804,61022297,2800.6192,0.5114426
1500591229223,61022298,2781.3573,0.218
1500591230800,61022301,2801.874,0.59983116
1500591230852,61022302,2808.1504,0.86946
1500591231202,61022303,1868.178,0.0
1500591232071,61022306,2792.07,0.12
1500591232794,61022311,2801.9328,0.21750777
1500591232980,61022312,2808.1504,0.0
1500591233073,61022313,2808.1536,0.86058
1500591234678,61022315,2802.5363,0.71882015
1500591234709,61022316,2808.1464,0.0
1500591235065,61022320,2808.1538,0.5504
1500591235146,61022322,2820.6003,0.04
1500591235180,61022323,2820.6003,0.24851367
1500591235180,61022323,2820.6001,0.0
1500591235237,61022324,2808.1651,0.13942
1500591235401,61022325,2820.6004,0.04933237
1500591235401,61022325,2820.6002,0.0
1500591235434,61022326,2820.6003,0.04
1500591235434,61022326,2820.6004,0.25784604
1500591236805,61022328,2802.2936,0.63216197
1500591237387,61022329,2798.1462,0.0
1500591237794,61022331,2781.3573,0.0
1500591239006,61022334,2819.9189,0.0
1500591239172,61022335,2802.5773,0.39650821
1500591239172,61022336,2805.511,0.0
1500591239172,61022336,2806.2754,2.1669514
1500591240789,61022340,2802.6275,0.43099141
1500591241559,61022342,2808.1461,0.0
1500591241559,61022342,2808.1653,1.82295262
1500591242556,61022344,2800.4347,0.108
1500591242981,61022345,2783.6321,0.327
1500591243545,61022346,2808.1462,0.0
1500591243617,61022347,2808.1536,0.0
1500591243715,61022348,2808.1654,0.47171913
1500591244011,61022350,2808.1708,0.86058
1500591244714,61022351,2800.6893,0.0
1500591245433,61022352,2803.3228,0.0
1500591245433,61022352,2802.6704,3.1541239
1500591245553,61022353,2808.1651,0.0
1500591245705,61022354,2803.81,0.30914327
1500591246442,61022355,2820.6003,0.0
1500591247599,61022359,2814.0002,0.0
1500591247599,61022359,2816.5049,0.13318634
1500591247600,61022360,2820.6005,0.04
1500591247636,61022361,2820.6004,0.04933237
1500591247636,61022361,2820.6005,0.24851367
1500591247680,61022363,2792.07,0.0
1500591248220,61022364,2806.2752,0.0
1500591248220,61022364,2808.6031,8.93811275
1500591248287,61022365,2808.6064,0.13942
1500591248365,61022366,2820.6004,0.0
1500591248365,61022366,2820.6006,0.04933237
1500591248518,61022367,2820.6005,0.04
1500591248518,61022367,2820.6006,0.25784604
1500591248773,61022368,2804.4619,0.49616232
1500591249056,61022369,2792.47,0.12
1500591249740,61022371,2610.085,0.0
1500591249989,61022373,2511.204,0.0
1500591250225,61022375,2787.082,0.0
1500591250509,61022376,2808.1654,0.0
1500591250669,61022377,2799.6525,11.4543
1500591250669,61022378,2808.1538,0.0
1500591250682,61022380,2808.6032,0.47164395
1500591251001,61022384,2808.6066,0.5504
1500591251634,61022385,2800.4347,0.0
1500591251701,61022386,2800.6192,0.0
1500591251840,61022387,2792.47,0.0
1500591251986,61022389,2783.6321,0.0
1500591252544,61022390,2808.1452,0.0
1500591252544,61022390,2810.2293,1.97459872
1500591252576,61022391,2792.67,0.12
1500591252641,61022392,2808.6064,0.0
1500591252779,61022393,2808.6143,0.10871
1500591252779,61022394,2804.1891,0.57640516
1500591253060,61022396,2808.6032,0.0
1500591253210,61022398,2808.6109,0.03071
1500591253223,61022400,2810.2294,0.47136938
1500591253803,61022403,2808.1708,0.0
1500591253866,61022404,2808.6183,0.86058
1500591255898,61022406,2801.874,0.0
1500591256879,61022408,2804.0022,0.60741382
1500591258901,61022410,2820.6005,0.0
1500591259684,61022414,2801.9328,0.0
1500591259955,61022416,2820.6007,0.04
1500591259976,61022417,2820.6007,0.24851367
1500591259976,61022417,2820.6006,0.04933237
1500591260406,61022418,2820.6008,0.04933237
1500591260406,61022418,2820.6006,0.0
1500591260439,61022419,2820.6007,0.04
1500591260439,61022419,2820.6008,0.25784604
1500591264219,61022424,2820.9189,0.11
1500591264261,61022425,2820.6008,0.04933237
1500591264261,61022425,2820.919,0.20851367
1500591264370,61022426,2820.6008,0.0
1500591264370,61022426,2820.9191,0.04933237
1500591264486,61022427,2821.01,0.123
1500591264486,61022427,2820.6,0.0
1500591264572,61022428,2821.0101,0.20851367
1500591264572,61022428,2820.919,0.0
1500591264726,61022430,2792.67,0.0
1500591265695,61022432,2808.6066,0.0
1500591265751,61022433,2793.07,0.12
1500591265753,61022434,2802.3458,0.0
1500591266282,61022436,2810.2296,0.5504
1500591266361,61022437,2821.0102,0.04933237
1500591266361,61022437,2820.9191,0.0
1500591266434,61022439,2808.6109,0.0
1500591266487,61022440,2825,0.01038508
1500591266514,61022441,2808.6143,0.0
1500591266577,61022442,2808.6183,0.0
1500591266834,61022443,2810.2344,0.78194
1500591266834,61022444,2802.2936,0.0
1500591267724,61022448,2804.15,0.68425393
1500591268317,61022450,2810.2344,0.0
1500591268350,61022451,2821.0102,0.0
1500591268365,61022452,2820.5901,0.0
1500591268542,61022453,2810.2382,0.70137
1500591268543,61022454,2793.07,0.0
1500591268568,61022455,2805.5108,0.0
1500591268568,61022455,2807.5321,8.33839451
1500591269725,61022458,2805.115,0.92332458
1500591269749,61022459,2824.9899,0.05
1500591270519,61022462,2807.5323,2.16598128
1500591270519,61022462,2806.2754,0.0
1500591271378,61022465,2820.6007,0.0
1500591271667,61022467,2805.4495,0.29272962
1500591272933,61022469,2808.1653,0.0
1500591272933,61022469,2808.6033,1.82266833
1500591273588,61022470,2807.5321,0.0
1500591273588,61022470,2810.0877,8.33081125
1500591274331,61022472,2810.2293,0.0
1500591274331,61022472,2815.7707,1.97071274
1500591274514,61022473,2810.2382,0.0
1500591276068,61022480,2797.17,0.12
1500591276070,61022481,2802.5363,0.0
1500591276806,61022482,2804.2733,0.61134093
1500591277030,61022483,2805.4497,3.15099918
1500591277030,61022483,2802.6704,0.0
1500591277751,61022484,2805.9065,0.10697166
1500591278877,61022485,2802.6702,0.0
1500591279251,61022486,2810.2294,0.0
1500591279419,61022487,2815.7708,0.47044364
1500591279671,61022488,2802.5773,0.0
1500591280722,61022491,2810.2328,0.51004
1500591280729,61022492,2810.2296,0.0
1500591280841,61022494,2802.6275,0.0
1500591280874,61022495,2797.17,0.0
1500591281094,61022496,2810.0879,0.5503
1500591281668,61022497,2805.4468,0.94571274
1500591281864,61022498,2800.27,0.12
1500591281991,61022499,2810.2328,0.0
1500591282146,61022500,2810.2359,0.50086
1500591282739,61022501,2805.258,0.1320296
1500591282933,61022503,2810.2359,0.0
1500591283043,61022505,2810.096,0.34644
1500591283064,61022506,2821.01,0.0
1500591283064,61022506,2825.1,0.123
1500591283097,61022507,2821.0101,0.0
1500591283097,61022507,2825.1001,0.19255899
1500591283109,61022508,2805.208,0.01
1500591283224,61022509,2810.096,0.0
1500591283270,61022510,2825,0.0
1500591283270,61022510,2820.9189,0.09700873
1500591283270,61022510,2824.9899,0.0
1500591283270,61022510,2825.1001,0.0
1500591283270,61022510,2825.1,0.0
1500591283404,61022511,2810.0927,0.2624
1500591283412,61022512,2820.919,0.04927703
1500591283435,61022513,2820.919,0.24183602
1500591283483,61022515,2810.0918,0.7376
1500591283553,61022516,2810.0927,0.0
1500591283565,61022517,2812.2002,8.32455322
1500591283565,61022517,2810.0877,0.0
1500591283627,61022518,2812.207,0.18941
1500591284732,61022522,2810.0918,0.0
1500591285082,61022523,2812.2115,0.64432
1500591285126,61022524,2800.27,0.0
1500591286479,61022527,2812.2115,0.0
1500591286480,61022528,2802.47,0.12
1500591286527,61022530,2812.2174,0.45947
1500591288012,61022533,2816.5049,0.07752871
1500591288012,61022533,2820.9192,0.05557054
1500591288047,61022534,2820.9191,0.19255899
1500591288047,61022534,2820.919,0.04927703
1500591288541,61022535,2820.9193,0.04927703
1500591288541,61022535,2820.919,0.0
1500591288568,61022537,2820.9193,0.24183602
1500591288568,61022537,2820.9191,0.0
1500591290360,61022542,2820.9195,0.16450664
1500591290392,61022543,2820.9196,0.19255899
1500591290392,61022543,2820.9193,0.04927703
1500591290417,61022544,2820.9196,0.24183602
1500591290417,61022544,2820.9193,0.0
1500591291147,61022547,2802.47,0.0
1500591291367,61022548,2815.7707,0.0
1500591291367,61022548,2819.2168,1.96830382
1500591291426,61022549,2812.2174,0.0
1500591291493,61022550,2812.207,0.48255
1500591292570,61022552,2820.9092,0.05
1500591292808,61022555,2812.207,0.18941
1500591292950,61022557,2812.207,0.0
1500591293173,61022559,2820.9198,0.27714365
1500591293206,61022560,2820.9199,0.19255899
1500591293206,61022560,2820.9196,0.04927703
1500591293358,61022561,2820.92,0.04927703
1500591293358,61022561,2820.9196,0.0
1500591293595,61022562,2815.7708,0.0
1500591293694,61022563,2803.81,0.0
1500591293842,61022564,2819.2169,0.46986695
1500591294060,61022566,2821.01,0.062
1500591294096,61022568,2820.9201,0.19255899
1500591294096,61022568,2820.9199,0.0
1500591295449,61022573,2821.0101,0.04927703
1500591295449,61022573,2820.92,0.0
1500591295484,61022574,2820.9201,0.0
1500591295484,61022574,2821.0101,0.25263671
1500591295967,61022576,2805.9369,0.17345184
1500591295967,61022577,2821.0101,0.29263671
1500591296002,61022579,2821.0101,0.08927703
1500591296002,61022579,2821.0102,0.20335968
1500591296005,61022580,2815.1551,8.31581544
1500591296005,61022580,2812.2002,0.0
1500591296049,61022581,2821.0103,0.44641453
1500591296058,61022582,2812.2106,1.0
1500591296080,61022583,2821.0102,0.0
1500591296080,61022583,2821.0104,0.20335968
1500591296246,61022584,2810.0879,0.0
1500591296594,61022587,2812.2004,0.5493
1500591297421,61022590,2821.0101,0.04
1500591297421,61022590,2821.0105,0.04927703
1500591297703,61022591,2806.8447,0.13541329
1500591298366,61022593,2826.1108,1.96350235
1500591298366,61022593,2819.2168,0.0
1500591298378,61022594,2821.0104,0.0
1500591298378,61022594,2826.1109,0.20335968
1500591298543,61022595,2820.9189,0.0
1500591298938,61022597,2821.01,0.0
1500591298938,61022597,2826.21,0.062
1500591299421,61022601,2826.2101,0.04927703
1500591299421,61022601,2821.0105,0.0
1500591299452,61022602,2826.2101,0.25263671
1500591299452,61022602,2826.1109,0.0
1500591300502,61022605,2819.2169,0.0
1500591300554,61022606,2820.9092,0.0
1500591300747,61022607,2815.1552,0.47054678
1500591301378,61022608,2826.2103,0.10962029
1500591301410,61022609,2826.2104,0.20335968
1500591301410,61022609,2826.2101,0.04927703
1500591301412,61022610,2826.2104,0.25263671
1500591301412,61022610,2826.2101,0.0
1500591301700,61022611,2821.9752,0.05
1500591302476,61022615,2826.3,0.01
1500591302570,61022616,2815.1551,0.0
1500591302570,61022616,2817.5218,8.30883021
1500591303060,61022618,2826.21,0.0
1500591303060,61022618,2826.4,0.062
1500591303093,61022619,2826.2104,0.04927703
1500591303093,61022619,2826.3001,0.20335968
1500591303184,61022620,2815.4999,0.01
1500591303398,61022621,2826.2104,0.0
1500591303398,61022621,2826.4001,0.04927703
1500591303431,61022622,2826.3001,0.0
1500591303431,61022622,2826.4001,0.25263671
1500591303519,61022623,2807.5323,0.0
1500591303519,61022623,2817.522,2.15830166
1500591303720,61022626,2804.0022,0.0
1500591305972,61022630,2815.1552,0.0
1500591306114,61022631,2817.522,3.97520045
1500591306114,61022631,2808.6033,0.0
1500591306164,61022632,2812.2106,0.0
1500591306382,61022634,2817.5221,0.47014985
1500591306384,61022635,2817.5278,1.0
1500591306885,61022636,2806.7923,0.35735669
1500591307189,61022637,2826.4101,0.02
1500591307399,61022638,2826.4102,0.04927703
1500591307399,61022638,2826.4001,0.20335968
1500591307612,61022639,2826.51,0.062
1500591307612,61022639,2826.4,0.0
1500591307653,61022640,2826.4103,0.20335968
1500591307653,61022640,2826.4001,0.0
1500591307798,61022643,2821.0101,0.0
1500591309078,61022645,2805.7108,0.24954948
1500591309286,61022647,2826.4002,0.04
1500591309364,61022648,2826.5101,0.04927703
1500591309364,61022648,2826.4102,0.0
1500591309387,61022649,2826.4103,0.0
1500591309387,61022649,2826.5101,0.25263671
1500591309714,61022651,2821.9752,0.0
1500591310213,61022653,2826.4101,0.0
1500591310690,61022654,2826.51,0.0
1500591310690,61022654,2826.5,0.062
1500591311032,61022656,2826.5,0.112
1500591311314,61022657,2826.5,0.05
1500591311314,61022657,2826.61,0.062
1500591311314,61022658,2812.2004,0.0
1500591311335,61022659,2805.4497,0.0
1500591311335,61022659,2816.5049,3.21615975
1500591311349,61022661,2826.6101,0.04927703
1500591311349,61022661,2826.5101,0.20335968
1500591311352,61022662,2826.5102,0.20335968
1500591311352,61022662,2826.5101,0.0
1500591311661,61022663,2817.5221,1.01934985
1500591311719,61022664,2826.6101,0.25263671
1500591311719,61022664,2826.5102,0.0
1500591311850,61022665,2300,3.39394698
1500591312192,61022666,2826.61,0.0
1500591312192,61022666,2826.6,0.062
1500591312965,61022669,2826.6201,0.02
1500591313345,61022670,2826.6101,0.20335968
1500591313345,61022670,2826.6202,0.04927703
1500591313369,61022671,2816.5049,3.13863104
1500591313369,61022671,2826.6203,0.07725127
1500591313401,61022672,2826.6101,0.0
1500591313401,61022672,2826.6204,0.20335968
1500591314137,61022673,2826.6,0.0
1500591314137,61022673,2826.72,0.062
1500591315337,61022675,2826.6202,0.0
1500591315337,61022675,2826.7201,0.04927703
1500591315370,61022676,2826.7201,0.25263671
1500591315370,61022676,2826.6204,0.0
1500591316070,61022678,2826.6201,0.0
1500591317721,61022680,2804.1891,0.0
1500591318367,61022681,2826.1108,0.0
1500591318367,61022681,2828.2864,1.96199196
1500591318546,61022682,2828.2865,0.20335968
1500591318546,61022682,2826.7201,0.04927703
1500591318718,61022684,2804.15,0.0
1500591318958,61022686,2828.2965,0.02
1500591319247,61022687,2826.5,0.0
1500591319403,61022689,2828.2966,0.04927703
1500591319403,61022689,2826.7201,0.0
1500591320046,61022692,2828.39,0.062
1500591320046,61022692,2826.72,0.0
1500591320047,61022694,2828.2865,0.0
1500591320047,61022694,2828.2967,0.20335968
1500591320982,61022695,2826.71,0.05
1500591321393,61022696,2828.2966,0.0
1500591321393,61022696,2828.3901,0.04927703
1500591321426,61022697,2828.2967,0.0
1500591321426,61022697,2828.3901,0.25263671
1500591321471,61022698,2807.3818,0.54292887
1500591322117,61022700,2828.2965,0.0
1500591322500,61022701,2826.4002,0.0
1500591322624,61022702,2828.39,0.0
1500591322624,61022702,2828.38,0.062
1500591322702,61022703,2806.8406,0.20077161
1500591323443,61022704,2731.278,4.696
1500591323443,61022705,2828.38,0.0
1500591323443,61022705,2828.49,0.062
1500591323469,61022706,2828.2967,0.04
1500591323479,61022707,2828.3903,0.05542375
1500591323479,61022707,2820.9192,0.0
1500591323479,61022708,2828.3901,0.04927703
1500591323479,61022708,2828.3902,0.20335968
1500591323735,61022710,2828.3902,0.0
1500591323735,61022710,2828.3904,0.20335968
1500591324429,61022711,2828.3901,0.0
1500591324429,61022711,2828.4901,0.04927703
1500591324464,61022712,2828.4901,0.25263671
1500591324464,61022712,2828.3904,0.0
1500591324530,61022713,2825.9408,1.96362046
1500591324530,61022713,2828.2864,0.0
1500591324697,61022714,2805.7839,0.27643489
1500591324956,61022715,2828.5001,0.02
1500591325461,61022717,2828.49,0.0
1500591325461,61022717,2828.6,0.062
1500591325493,61022718,2828.5002,0.20032621
1500591325493,61022718,2828.4901,0.04927703
1500591325686,61022719,2817.5221,0.5492
1500591325705,61022720,2806.5916,0.2393439
1500591325956,61022721,2820.9195,0.0
1500591325956,61022721,2828.2969,0.16407754
1500591325957,61022722,2825.9409,0.46875112
1500591326418,61022723,2828.6001,0.04927703
1500591326418,61022723,2828.4901,0.0
1500591326456,61022724,2828.5002,0.0
1500591326456,61022724,2828.6001,0.24960324
1500591326466,61022725,2817.5221,0.0
1500591327019,61022726,2804.4619,0.0
1500591327310,61022727,2817.5221,0.5492
1500591327670,61022728,2804.2733,0.0
1500591328130,61022729,2828.5001,0.0
1500591328300,61022730,2826.3002,0.27661605
1500591328300,61022730,2820.9198,0.0
1500591328333,61022731,2829.8532,1.96090567
1500591328333,61022731,2825.9408,0.0
1500591328365,61022732,2829.8533,0.20032621
1500591328365,61022732,2828.6001,0.04927703
1500591328375,61022733,2826.71,0.0
1500591328544,61022734,2829.8534,0.04927703
1500591328544,61022734,2828.6001,0.0
1500591328691,61022735,2828.6,0.0
1500591328691,61022735,2828.49,0.062
1500591329279,61022738,2828.49,0.0
1500591329279,61022738,2829.95,0.062
1500591329311,61022739,2829.8535,0.20032621
1500591329311,61022739,2829.8533,0.0
1500591329739,61022742,2828.59,0.05
1500591330389,61022744,2829.9501,0.04927703
1500591330389,61022744,2829.8534,0.0
1500591330424,61022745,2829.9501,0.24960324
1500591330424,61022745,2829.8535,0.0
1500591330948,61022747,2829.9503,0.44500428
1500591330948,61022747,2821.0103,0.0
1500591330976,61022748,2808.6031,0.0
1500591330976,61022748,2811.2255,8.929775
1500591330978,61022749,2829.9601,0.02
1500591330981,61022750,2829.9504,0.20032621
1500591330981,61022750,2829.9501,0.04927703
1500591331367,61022752,2829.8532,0.0
1500591331367,61022752,2826.9422,1.96292488
1500591331686,61022753,2807.0665,0.70458453
1500591331938,61022754,2830.06,0.062
1500591331938,61022754,2829.95,0.0
1500591331971,61022755,2829.9602,0.20032621
1500591331971,61022755,2829.9504,0.0
1500591332386,61022758,2830.0601,0.04927703
1500591332386,61022758,2829.9501,0.0
1500591332418,61022759,2830.0601,0.24960324
1500591332418,61022759,2829.9602,0.0
1500591332566,61022760,2817.5218,0.0
1500591332566,61022760,2819.9349,8.3017201
1500591332672,61022761,2817.5278,0.0
1500591332773,61022763,2819.9394,1.0
1500591332855,61022764,2825.9409,0.0
1500591332922,61022765,2826.3,0.0
1500591333021,61022766,2817.5221,1.01935011
1500591333265,61022767,2830.21,0.01
1500591333668,61022769,2830.31,0.062
1500591333668,61022769,2830.06,0.0
1500591333696,61022770,2805.115,0.0
1500591333763,61022771,2830.0601,0.04927703
1500591333763,61022771,2830.2101,0.20032621
1500591334126,61022772,2830.3102,1.29766649
1500591334170,61022773,2830.3103,0.20032621
1500591334170,61022773,2830.2101,0.0
1500591334279,61022774,2829.9601,0.0
1500591334429,61022776,2830.0601,0.0
1500591334429,61022776,2830.3104,0.04927703
1500591335607,61022778,2828.2967,0.0
1500591335770,61022780,2817.5221,0.5492
1500591335927,61022781,2830.3103,0.66835393
1500591335959,61022782,2830.3103,0.46802772
1500591335959,61022782,2830.3104,0.24960324
1500591336334,61022783,2826.2103,0.0
1500591336334,61022783,2830.3106,0.10946148
1500591336368,61022784,2830.3107,0.20032621
1500591336368,61022784,2830.3104,0.04927703
1500591336368,61022785,2830.3107,0.24960324
1500591336368,61022785,2830.3104,0.0
1500591336616,61022787,2830.3105,0.04
1500591337082,61022789,2830.3207,0.02
1500591337402,61022791,2830.31,0.0
1500591337402,61022791,2830.42,0.062
1500591337434,61022792,2830.3107,0.04927703
1500591337434,61022792,2830.3208,0.20032621
1500591337720,61022793,2828.59,0.0
1500591338288,61022794,2808.4444,0.38260841
1500591338361,61022795,2830.3107,0.0
1500591338361,61022795,2830.4201,0.04927703
1500591338394,61022796,2830.4201,0.24960324
1500591338394,61022796,2830.3208,0.0
1500591338550,61022797,2826.9424,2.15110941
1500591338550,61022797,2817.522,1.81689879
1500591338980,61022799,2813.6346,8.92212912
1500591338980,61022799,2811.2255,0.0
1500591339048,61022800,2830.3005,0.05
1500591339727,61022801,2805.4495,0.0
1500591340103,61022803,2830.3207,0.0
1500591341131,61022805,2805.4468,0.0
1500591341132,61022806,2826.9424,3.96195363
1500591341132,61022806,2817.522,0.0
1500591341132,61022807,2830.42,0.0
1500591341132,61022807,2830.41,0.062
1500591341737,61022808,2805.258,0.0
1500591341741,61022809,2830.52,0.062
1500591341741,61022809,2830.41,0.0
1500591341773,61022810,2830.4201,0.04927703
1500591341773,61022810,2830.4202,0.20032621
1500591342425,61022811,2830.4201,0.0
1500591342425,61022811,2830.5201,0.04927703
1500591342458,61022812,2830.5201,0.24960324
1500591342458,61022812,2830.4202,0.0
1500591342625,61022813,2817.5221,0.0
1500591343024,61022815,2819.9394,0.0
1500591343034,61022816,2830.41,0.062
1500591343034,61022816,2830.52,0.0
1500591343173,61022817,2830.5301,0.02
1500591343179,61022818,2826.9451,1.0
1500591343321,61022819,2688.4969,0.9
1500591343321,61022819,2657.3881,0.0
1500591343341,61022820,2816.5047,0.0
1500591343631,61022821,2830.63,0.062
1500591343631,61022821,2830.41,0.0
1500591343677,61022823,2830.5302,0.20032621
1500591343677,61022823,2830.5201,0.04927703
1500591344431,61022825,2830.6301,0.04927703
1500591344431,61022825,2830.5201,0.0
1500591344461,61022826,2830.6301,0.24960324
1500591344461,61022826,2830.5302,0.0
1500591344828,61022828,2830.6303,0.43914036
1500591344863,61022829,2830.6301,0.04927703
1500591344863,61022829,2830.6304,0.20032621
1500591345242,61022830,2836.465,0.01
1500591346161,61022834,2830.5301,0.0
1500591346415,61022835,2830.6301,0.0
1500591346415,61022835,2836.4651,0.04927703
1500591346651,61022836,2836.4651,0.0
1500591346651,61022836,2836.465,0.00713479
1500591346952,61022839,2816.5049,0.0
1500591346952,61022839,2819.9351,3.13481317
1500591347032,61022840,2830.3005,0.0
1500591347836,61022842,2808.3956,0.1856473
1500591348095,61022844,2830.3105,0.0
1500591348098,61022845,2684.7583,0.0
1500591348098,61022845,2714.7152,0.15
1500591348373,61022847,2836.4549,0.05
1500591348967,61022852,2836.475,0.02
1500591349005,61022853,2830.6304,0.0
1500591349005,61022853,2836.455,0.20032621
1500591349026,61022854,2836.4652,0.07698314
1500591349026,61022854,2826.6203,0.0
1500591349061,61022855,2836.455,0.0
1500591349061,61022855,2836.4653,0.20032621
1500591349259,61022857,2836.4651,0.04
1500591349763,61022859,2805.7108,0.0
1500591350258,61022860,2836.57,0.062
1500591350258,61022860,2830.63,0.0
1500591350291,61022861,2836.4751,0.20032621
1500591350291,61022861,2836.4653,0.0
1500591350664,61022862,2805.9065,0.0
1500591351292,61022864,2825.8205,0.01
1500591351726,61022865,2805.9369,0.0
1500591352601,61022867,2836.475,0.0
1500591352607,61022868,2845,0.0644964
1500591352639,61022869,2836.4751,0.0
1500591352639,61022869,2836.5701,0.20032621
1500591352733,61022870,2805.7839,0.0
1500591354455,61022875,2845.0001,0.04896459
1500591354487,61022876,2845.0001,0.2492908
1500591354487,61022876,2836.5701,0.0
1500591356412,61022882,2836.4549,0.0
1500591357986,61022888,2844.9901,0.05
1500591359108,61022891,2806.5916,0.0
1500591359111,61022892,2828.3903,0.0
1500591359111,61022892,2836.5702,0.05526392
1500591359666,61022894,2806.8447,0.0
1500591360836,61022896,2820,0.09994803
1500591361080,61022897,2836.4651,0.0
1500591361087,61022899,2806.7923,0.0
1500591361240,61022900,2845,0.0
1500591361679,61022901,2806.8406,0.0
1500591361845,61022903,2836.5702,0.2188629
1500591361845,61022903,2828.2969,0.0
1500591362226,61022906,2830.21,0.0
1500591363726,61022910,2809.8949,0.48496386
1500591364242,61022912,2826.3002,0.0
1500591364242,61022912,2836.5702,0.49447744
1500591365708,61022916,2807.0665,0.0
1500591366238,61022917,2829.9503,0.0
1500591366238,61022917,2836.5702,0.93844318
1500591366815,61022918,2809.93,0.83365666
1500591368340,61022920,2830.3102,0.0
1500591368340,61022920,2830.3105,1.29766635
1500591369149,61022921,2807.3818,0.0
1500591370427,61022923,2833.8572,1.95813508
1500591370427,61022923,2826.9422,0.0
1500591370427,61022924,2830.3103,0.0
1500591370477,61022925,2830.3106,0.0
1500591370477,61022925,2836.5702,1.04766311
1500591370677,61022926,2830.3106,0.46802604
1500591371703,61022929,2811.4184,0.60852342
1500591372785,61022931,2836.57,0.0
1500591373343,61022933,2830.3108,2.14854934
1500591373343,61022933,2826.9424,1.81084422
1500591373421,61022934,2826.9451,0.0
1500591373567,61022935,2830.6328,1.0
1500591373665,61022937,2810.8929,0.30486518
1500591373729,61022938,2845.1,0.061
1500591373734,61022939,2830.3106,0.0
1500591373761,61022940,2845.0001,0.04896459
1500591373761,61022940,2845.0002,0.20453279
1500591373940,61022941,2833.8573,0.46744218
1500591374434,61022942,2845.0001,0.0
1500591374434,61022942,2845.1001,0.04896459
1500591374467,61022943,2845.0002,0.0
1500591374467,61022943,2845.1001,0.25349738
1500591374874,61022945,2845.1,0.0
1500591374874,61022945,2845.09,0.061
1500591375371,61022946,2830.633,1.80848323
1500591375371,61022946,2826.9424,0.0
1500591375471,61022947,2845.09,0.0
1500591375471,61022947,2845.2,0.061
1500591375506,61022948,2845.1002,0.20453279
1500591375506,61022948,2845.1001,0.04896459
1500591375698,61022949,2808.4444,0.0
1500591376403,61022950,2845.2001,0.04896459
1500591376403,61022950,2845.1001,0.0
1500591377067,61022953,2845.1002,0.0
1500591377067,61022953,2845.2001,0.25349738
1500591377669,61022954,2819.9349,0.0
1500591377669,61022954,2822.765,8.29339681
1500591377714,61022955,2812.2983,0.61482733
1500591377718,61022956,2836.4652,0.51522014
1500591377718,61022956,2830.6303,0.0
1500591378004,61022957,2845.09,0.061
1500591378004,61022957,2845.2,0.0
1500591379382,61022961,2845.09,0.0
1500591379382,61022961,2845.3,0.061
1500591379414,61022962,2845.2002,0.20453279
1500591379414,61022962,2845.2001,0.04896459
1500591379577,61022964,2844.9901,0.0
1500591379666,61022965,2810.7693,0.1971261
1500591380171,61022967,2825.8207,3.12828401
1500591380171,61022967,2819.9351,0.0
1500591380392,61022968,2845.3001,0.04896459
1500591380392,61022968,2845.2001,0.0
1500591380424,61022969,2845.3001,0.25349738
1500591380424,61022969,2845.2002,0.0
1500591380470,61022970,2845.19,0.05
1500591381056,61022973,2816.4326,8.99361625
1500591381056,61022973,2813.6346,0.0
1500591381429,61022974,2847.9987,0.06442848
1500591381461,61022975,2845.3002,0.20453279
1500591381461,61022975,2845.3001,0.04896459
1500591381818,61022977,2810.9127,0.2868959
1500591382385,61022980,2847.9988,0.04896459
1500591382385,61022980,2845.3001,0.0
1500591383470,61022985,2845.29,0.061
1500591383470,61022985,2845.3,0.0
1500591383557,61022987,2830.6328,0.0
1500591383772,61022988,2830.6426,1.0
1500591383772,61022989,2810.2629,0.15610703
1500591384063,61022990,2845.29,0.0
1500591384063,61022990,2845.4,0.061
1500591384096,61022991,2845.4001,0.20453279
1500591384096,61022991,2845.3002,0.0
1500591384373,61022992,2828.5157,1.96183291
1500591384373,61022992,2833.8572,0.0
1500591384661,61022994,2845.29,0.061
1500591384661,61022994,2845.4,0.0
1500591385702,61022998,2808.3956,0.0
1500591385966,61023000,2845.29,0.0
1500591385966,61023000,2845.5,0.061
1500591385999,61023001,2845.4001,0.0
1500591385999,61023001,2845.5001,0.19758502
1500591386555,61023002,2845.5,0.0
1500591386555,61023002,2845.29,0.061
1500591387228,61023003,2845.29,0.0
1500591387228,61023003,2845.6,0.061
1500591387277,61023004,2845.5001,0.0
1500591387277,61023004,2845.6001,0.19758502
1500591387776,61023006,2810.9907,0.35580474
1500591387932,61023007,2845.6,0.0
1500591387932,61023007,2845.29,0.061
1500591387940,61023008,2845,0.1
1500591387968,61023009,2845.6001,0.0
1500591387968,61023009,2845.2901,0.19758502
1500591387976,61023010,2816.4326,0.0
1500591387976,61023010,2818.5773,8.98677286
1500591388719,61023011,2845.19,0.0
1500591388776,61023012,2847.9987,0.0
1500591388847,61023013,2822.765,0.0
1500591388847,61023013,2827.0818,8.28073324
1500591389035,61023016,2845.29,0.0
1500591389035,61023016,2845.1,0.061
1500591389377,61023018,2847.9988,0.0
1500591389377,61023018,2845.2902,0.04896459
1500591389393,61023019,2828.5157,0.0
1500591389393,61023019,2834.299,1.95782985
1500591389478,61023020,2833.8573,0.0
1500591389648,61023022,2830.6331,0.46797298
1500591389664,61023023,2811.7374,0.85139977
1500591389673,61023024,2845.1,0.0
1500591389673,61023024,2845.39,0.061
1500591389698,61023025,2847.9887,0.05
1500591389705,61023026,2845.2901,0.0
1500591389705,61023026,2845.2903,0.19758502
1500591389739,61023027,2845.3901,0.19758502
1500591389739,61023027,2845.2903,0.0
1500591391377,61023030,2845.2902,0.0
1500591391377,61023030,2847.9888,0.04896459
1500591391842,61023031,2845.39,0.0
1500591391842,61023031,2845.1,0.061
1500591391842,61023032,2812.3964,0.85192221
1500591391846,61023033,2845.1001,0.19758502
1500591391846,61023033,2845.3901,0.0
1500591392068,61023034,2815.6708,8.99604953
1500591392068,61023034,2818.5773,0.0
1500591392308,61023036,2836.4652,0.57048611
1500591392308,61023036,2836.5702,0.99239919
1500591392689,61023037,2830.6331,0.0
1500591392936,61023038,2834.2991,0.46736958
1500591393861,61023042,2809.8299,0.12618699
1500591394085,61023044,2819.8302,8.98277988
1500591394085,61023044,2815.6708,0.0
1500591394824,61023045,2836.4652,0.73409115
1500591394824,61023045,2836.5702,0.82880021
1500591394867,61023046,2845,0.0
1500591395348,61023047,2845.1,0.0
1500591395348,61023047,2836.67,0.062
1500591395383,61023048,2836.6701,0.19758502
1500591395383,61023048,2845.1001,0.0
1500591396572,61023050,2829.1424,8.27470199
1500591396572,61023050,2827.0818,0.0
1500591397067,61023051,2822.0354,8.97576054
1500591397067,61023051,2819.8302,0.0
1500591397068,61023052,2836.6703,0.27560482
1500591397068,61023052,2836.5702,0.55318567
1500591397102,61023053,2836.6704,0.19758502
1500591397102,61023053,2836.6701,0.0
1500591399090,61023058,2847.9887,0.0
1500591399115,61023059,2819.3893,8.98418462
1500591399115,61023059,2822.0354,0.0
1500591399415,61023060,2847.9888,0.0
1500591399415,61023060,2836.6705,0.04896459
1500591399483,61023061,2836.6706,0.44395003
1500591399483,61023061,2836.5702,0.10921993
1500591399516,61023062,2836.6704,0.0
1500591399516,61023062,2836.6707,0.19758502
1500591399665,61023063,2809.8949,0.0
1500591400010,61023064,2836.6807,0.02
1500591400380,61023065,2836.78,0.062
1500591400380,61023065,2836.67,0.0
1500591400411,61023066,2836.6808,0.19758502
1500591400411,61023066,2836.6707,0.0
1500591400820,61023067,2809.93,0.0
1500591401168,61023068,2822.6868,8.97368918
1500591401168,61023068,2819.3893,0.0
1500591401414,61023069,2836.7801,0.04896459
1500591401414,61023069,2836.6705,0.0
1500591401456,61023070,2836.6808,0.0
1500591401456,61023070,2836.7801,0.24654961
1500591401701,61023072,2834.2993,1.2958401
1500591401701,61023072,2830.3105,0.0
1500591401761,61023073,2830.6426,0.0
1500591401818,61023074,2834.3108,1.0
1500591401971,61023075,2800.3231,0.0
1500591402539,61023076,2834.2991,0.0
1500591402717,61023077,2834.2994,0.4673679
1500591402717,61023078,2813.4273,0.62463241
1500591402993,61023079,2822.6868,0.0
1500591402993,61023079,2820.0962,8.9819326
1500591403138,61023080,2836.6807,0.0
1500591403555,61023081,2836.78,0.0
1500591403555,61023081,2836.77,0.062
1500591403941,61023082,2836.7803,0.10921184
1500591403941,61023082,2836.5702,0.0
1500591403973,61023083,2836.7801,0.04896459
1500591403973,61023083,2836.7804,0.19758502
1500591404341,61023084,2836.88,0.062
1500591404341,61023084,2836.77,0.0
1500591404354,61023085,2836.7801,0.0
1500591404354,61023085,2836.7805,0.04896459
1500591404386,61023086,2836.7804,0.0
1500591404386,61023086,2836.7806,0.19758502
1500591405709,61023088,2812.3292,0.90990853
1500591406040,61023089,2830.3108,0.0
1500591406040,61023089,2829.1426,2.14943651
1500591406040,61023090,2836.89,0.02
1500591406041,61023092,2822.6868,8.97368918
1500591406041,61023092,2820.0962,0.0
1500591406076,61023093,2836.8801,0.19758502
1500591406076,61023093,2836.7806,0.0
1500591406344,61023094,2836.8901,0.04896459
1500591406344,61023094,2836.7805,0.0
1500591406425,61023095,2836.88,0.0
1500591406425,61023095,2836.99,0.062
1500591406457,61023096,2836.8902,0.19758502
1500591406457,61023096,2836.8801,0.0
1500591407034,61023098,2836.8699,0.25
1500591407283,61023099,2814,0.0
1500591407679,61023100,2810.2629,0.0
1500591408230,61023101,2834.311,1.80613641
1500591408230,61023101,2830.633,0.0
1500591408558,61023102,2836.9901,0.04896459
1500591408558,61023102,2836.8901,0.0
1500591408591,61023103,2836.8902,0.0
1500591408591,61023103,2836.9901,0.24654961
1500591408973,61023104,2810.7693,0.0
1500591409163,61023106,2836.89,0.0
1500591409494,61023107,2836.99,0.0
1500591409494,61023107,2836.96,0.062
1500591410277,61023109,2836.4652,0.29585415
1500591410277,61023109,2836.9903,0.43815589
1500591410309,61023110,2836.9901,0.04896459
1500591410309,61023110,2836.9904,0.19758502
1500591410426,61023111,2836.9901,0.0
1500591410426,61023111,2836.9905,0.04896459
1500591410435,61023112,2834.2994,0.0
1500591411039,61023113,2834.3111,0.46736434
1500591411571,61023115,2827.1478,8.28053993
1500591411571,61023115,2829.1424,0.0
1500591411821,61023116,2813.4444,0.10507608
1500591412116,61023117,2834.3108,0.0
1500591412492,61023118,2837.0005,0.02
1500591412639,61023119,2834.3139,1.0
1500591413279,61023122,2827.148,3.12681533
1500591413279,61023122,2825.8207,0.0
1500591413364,61023123,2837.0006,0.04896459
1500591413364,61023123,2836.9905,0.0
1500591414712,61023125,2810.8929,0.0
1500591415140,61023126,2837.0005,0.0
1500591415140,61023127,2836.8699,0.0
1500591415355,61023128,2837.0006,0.0
1500591415355,61023128,2836.9905,0.04896459
1500591415471,61023129,2836.4652,0.21887101
1500591415471,61023129,2837.0008,0.07696861
1500591415506,61023130,2837.0009,0.19758502
1500591415506,61023130,2836.9904,0.0
1500591415665,61023131,2810.9127,0.0
1500591416361,61023132,2836.9905,0.29896459
1500591416569,61023133,2837.001,0.03975005
1500591417343,61023135,2837.0011,0.04896459
1500591417343,61023135,2836.9905,0.25
1500591417376,61023136,2837.0011,0.24974446
1500591417376,61023136,2837.0009,0.0
1500591417747,61023137,2811.4184,0.0
1500591417979,61023138,2837.0111,0.02
1500591418233,61023140,2836.96,0.0
1500591418679,61023141,2814.3454,0.75025278
1500591419249,61023143,2837.11,0.062
1500591419282,61023144,2837.0011,0.04896459
1500591419282,61023144,2837.0112,0.20077987
1500591419435,61023145,2837.0011,0.0
1500591419435,61023145,2837.1101,0.04896459
1500591419467,61023146,2837.1101,0.24974446
1500591419467,61023146,2837.0112,0.0
1500591420820,61023148,2810.9907,0.0
1500591421077,61023150,2837.0111,0.0
1500591421357,61023151,2837.1,0.062
1500591421357,61023151,2837.11,0.0
1500591422012,61023153,2837.21,0.062
1500591422012,61023153,2837.1,0.0
1500591422070,61023155,2837.1102,0.20077987
1500591422070,61023155,2837.1101,0.04896459
1500591422349,61023156,2837.2101,0.04896459
1500591422349,61023156,2837.1101,0.0
1500591422383,61023157,2837.2101,0.24974446
1500591422383,61023157,2837.1102,0.0
1500591422733,61023158,2837.34,0.01
1500591422734,61023160,2811.7374,0.0
1500591423199,61023161,2799.6525,0.0
1500591423410,61023162,2837.21,0.0
1500591423410,61023162,2837.44,0.062
1500591423442,61023163,2837.3401,0.20077987
1500591423442,61023163,2837.2101,0.04896459
1500591423618,61023164,2812.2699,11.4543
1500591423793,61023165,2813.6086,0.31980773
1500591424026,61023166,2837.45,0.02
1500591424059,61023167,2837.4401,0.20077987
1500591424059,61023167,2837.3401,0.0
1500591424337,61023168,2837.4501,0.04896459
1500591424337,61023168,2837.2101,0.0
1500591424348,61023169,2837.54,0.062
1500591424348,61023169,2837.44,0.0
1500591424380,61023170,2837.4401,0.0
1500591424380,61023170,2837.4502,0.20077987
1500591424508,61023171,2836.9905,0.0
1500591425105,61023173,2836.4652,0.16360504
1500591425105,61023173,2837.5402,0.05524503
1500591425238,61023174,2837.4502,0.0
1500591425238,61023174,2837.5401,0.20077987
1500591425238,61023175,2837.0005,4.0
1500591425287,61023176,2834.3139,0.0
1500591425623,61023177,2837.547,1.0
1500591425655,61023178,2837.5401,0.0
1500591425655,61023178,2837.5471,0.20077987
1500591425922,61023179,2837.3299,0.25
1500591426435,61023180,2837.4501,0.0
1500591426435,61023180,2837.5472,0.04896459
1500591426679,61023181,2834.3111,0.0
1500591427027,61023182,2837.0006,0.46692317
1500591427276,61023183,2837.45,0.0
1500591427519,61023184,2836.4652,0.0
1500591427519,61023184,2837.5474,0.16354264
1500591427526,61023185,2837.54,0.0
1500591427526,61023185,2837.44,0.062
1500591427555,61023186,2837.5475,0.20077987
1500591427555,61023186,2837.5471,0.0
1500591428129,61023187,2837.64,0.062
1500591428129,61023187,2837.44,0.0
1500591428562,61023188,2837.5472,0.0
1500591428562,61023188,2837.6401,0.04896459
1500591428597,61023189,2837.5475,0.0
1500591428597,61023189,2837.6401,0.24974446
1500591428887,61023190,2829.2295,8.27444724
1500591428887,61023190,2827.1478,0.0
1500591429506,61023191,2837.5476,0.04
1500591430100,61023193,2837.6501,0.02
1500591430336,61023194,2837.64,0.0
1500591430336,61023194,2837.75,0.062
1500591430369,61023195,2837.6401,0.04896459
1500591430369,61023195,2837.6502,0.20077987
1500591430420,61023196,2837.6401,0.0
1500591430420,61023196,2837.7501,0.04896459
1500591430452,61023197,2837.7501,0.24974446
1500591430452,61023197,2837.6502,0.0
1500591430665,61023198,2836.6703,0.0
1500591430665,61023198,2837.7502,0.27549994
1500591430684,61023199,2837.7503,0.20077987
1500591430684,61023199,2837.7501,0.04896459
1500591431068,61023200,2822.6868,0.0
1500591431068,61023200,2825.4665,8.96486084
1500591432388,61023202,2837.7504,0.04896459
1500591432388,61023202,2837.7501,0.0
1500591432957,61023203,2836.6706,0.0
1500591432957,61023203,2837.7506,0.44378107
1500591432989,61023204,2837.7507,0.20077987
1500591432989,61023204,2837.7503,0.0
1500591433106,61023205,2837.6501,0.0
1500591433514,61023206,2837.75,0.0
1500591433514,61023206,2837.64,0.062
1500591433704,61023207,2837.3299,0.0
1500591434227,61023209,2837.64,0.0
1500591434227,61023209,2837.85,0.062
1500591434390,61023210,2837.7504,0.0
1500591434390,61023210,2837.8501,0.04896459
1500591434425,61023211,2837.8501,0.24974446
1500591434425,61023211,2837.7507,0.0
1500591435033,61023212,2837.7402,0.25
1500591435513,61023213,2834.2993,0.0
1500591435513,61023213,2834.2992,1.29584015
1500591435609,61023214,2837.547,0.0
1500591435742,61023215,2837.8554,1.0
1500591435787,61023216,2837.8555,0.20077987
1500591435787,61023216,2837.8501,0.04896459
1500591436382,61023217,2837.8556,0.04896459
1500591436382,61023217,2837.8501,0.0
1500591436473,61023218,2837.8655,0.02
1500591436836,61023219,2837.85,0.0
1500591436836,61023219,2837.96,0.062
1500591436867,61023220,2837.8656,0.20077987
1500591436867,61023220,2837.8555,0.0
1500591437978,61023221,2837.9602,0.10916644
1500591437978,61023221,2836.7803,0.0
1500591438012,61023222,2837.9603,0.20077987
1500591438012,61023222,2837.8656,0.0
1500591438374,61023223,2837.9604,0.04896459
1500591438374,61023223,2837.8556,0.0
1500591439092,61023224,2837.8655,0.0
1500591439476,61023225,2837.96,0.0
1500591439476,61023225,2837.95,0.062
1500591440100,61023227,2829.2297,2.14937034
1500591440100,61023227,2829.1426,0.0
1500591440204,61023228,2838.06,0.062
1500591440204,61023228,2837.95,0.0
1500591440237,61023229,2837.9605,0.20077987
1500591440237,61023229,2837.9603,0.0
1500591440361,61023231,2838.0601,0.04896459
1500591440361,61023231,2837.9604,0.0
1500591440393,61023232,2837.9605,0.0
1500591440393,61023232,2838.0601,0.24974446
1500591441091,61023233,2837.5476,0.0
1500591441347,61023234,2812.2983,0.0
1500591441974,61023235,2838.0701,0.02
1500591442230,61023236,2837.9605,2.75727887
1500591442334,61023237,2838.0601,0.20077987
1500591442334,61023237,2838.0702,0.04896459
1500591442517,61023238,2812.3964,0.0
1500591442518,61023239,2838.06,0.0
1500591442518,61023239,2838.17,0.062
1500591442518,61023240,2834.311,0.0
1500591442518,61023240,2834.2992,3.10198408
1500591442554,61023241,2838.0601,0.0
1500591442554,61023241,2838.0703,0.20077987
1500591442672,61023242,2837.0006,0.0
1500591442840,61023243,2837.9606,0.46676359
1500591443054,61023244,2837.7402,0.0
1500591443454,61023246,2809.8299,0.0
1500591444364,61023248,2838.05,0.25
1500591444422,61023250,2838.1701,0.04896459
1500591444422,61023250,2838.0702,0.0
1500591444455,61023251,2838.1701,0.24974446
1500591444455,61023251,2838.0703,0.0
1500591444552,61023252,2836.9903,0.0
1500591444552,61023252,2838.1702,0.43797373
1500591444584,61023253,2838.1703,0.20077987
1500591444584,61023253,2838.1701,0.04896459
1500591445301,61023254,2838.0701,0.0
1500591445525,61023256,2813.4273,0.0
1500591445647,61023257,2838.17,0.0
1500591445647,61023257,2838.15,0.062
1500591445735,61023258,2837.8554,0.0
1500591445805,61023259,2838.1809,1.0
1500591445838,61023260,2838.181,0.20077987
1500591445838,61023260,2838.1703,0.0
1500591446218,61023261,2838.15,0.0
1500591446218,61023261,2838.28,0.062
1500591446413,61023262,2838.2801,0.04896459
1500591446413,61023262,2838.1701,0.0
1500591446446,61023263,2838.181,0.0
1500591446446,61023263,2838.2801,0.24233511
1500591446560,61023264,2812.3292,0.0
1500591446828,61023265,2829.2297,5.27388501
1500591446828,61023265,2827.148,0.0
1500591448880,61023268,2813.4444,0.0
1500591448950,61023269,2838.2803,0.07693391
1500591448950,61023269,2837.0008,0.0
1500591448983,61023270,2838.2801,0.04896459
1500591448983,61023270,2838.2804,0.19337052
1500591449354,61023271,2838.2801,0.0
1500591449354,61023271,2838.2805,0.04896459
1500591450664,61023273,2814.3454,0.0
1500591452442,61023275,2838.05,0.0
1500591452729,61023276,2813.6086,0.0
1500591453056,61023277,2837.34,0.0
1500591453407,61023279,2838.39,0.01
1500591453407,61023280,2837.9605,0.0
1500591453444,61023281,2838.2805,0.0
1500591453444,61023281,2838.3901,0.04896459
1500591453716,61023283,2838.2704,0.25
1500591453822,61023284,2838.28,0.0
1500591453822,61023284,2838.49,0.061
1500591453853,61023285,2838.2804,0.0
1500591453853,61023285,2838.3902,0.19337052
1500591453962,61023286,2838.5,0.02
1500591453995,61023287,2838.4901,0.19337052
1500591453995,61023287,2838.3902,0.0
1500591454606,61023289,2838.2806,2.75696791
1500591454825,61023291,2822.5385,0.33374494
1500591455209,61023292,2838.6,0.061
1500591455209,61023292,2838.49,0.0
1500591455244,61023293,2838.4901,0.0
1500591455244,61023293,2838.5001,0.19337052
1500591455411,61023294,2838.6001,0.04896459
1500591455411,61023294,2838.3901,0.0
1500591455443,61023295,2838.5001,0.0
1500591455443,61023295,2838.6001,0.24233511
1500591455541,61023296,2837.9606,0.0
1500591455726,61023298,2838.2807,0.46671284
1500591456188,61023300,2838.1809,0.0
1500591456253,61023301,2838.6086,1.0
1500591456286,61023302,2838.6001,0.04896459
1500591456286,61023302,2838.6087,0.19337052
1500591456833,61023303,2823.2596,0.1277303
1500591457122,61023304,2838.5,0.0
1500591457403,61023305,2838.6001,0.0
1500591457403,61023305,2838.6088,0.04896459
1500591457422,61023306,2838.49,0.061
1500591457422,61023306,2838.6,0.0
1500591458049,61023309,2838.7,0.061
1500591458049,61023309,2838.49,0.0
1500591458123,61023311,2838.6087,0.0
1500591458123,61023311,2838.6089,0.19337052
1500591458882,61023313,2838.7002,0.05522246
1500591458882,61023313,2837.5402,0.0
1500591458883,61023315,2823.1565,0.67734414
1500591458911,61023316,2838.6089,0.0
1500591458911,61023316,2838.7001,0.19337052
1500591459398,61023317,2838.7003,0.04896459
1500591459398,61023317,2838.6088,0.0
1500591459432,61023318,2838.7003,0.24233511
1500591459432,61023318,2838.7001,0.0
1500591460058,61023320,2838.7103,0.02
1500591460380,61023322,2838.81,0.061
1500591460380,61023322,2838.7,0.0
1500591460411,61023323,2838.7104,0.19337052
1500591460411,61023323,2838.7003,0.04896459
1500591460776,61023324,2823.2154,0.6922391
1500591461113,61023325,2838.8102,0.16346989
1500591461113,61023325,2837.5474,0.0
1500591461120,61023326,2838.8103,0.19337052
1500591461120,61023326,2838.7104,0.0
1500591461385,61023327,2838.8104,0.04896459
1500591461385,61023327,2838.7003,0.0
1500591461753,61023329,2838.2704,0.0
1500591462667,61023332,2824.0805,0.94967842
1500591463037,61023334,2838.7003,0.25
1500591463138,61023336,2838.7103,0.0
1500591463364,61023337,2837.7502,0.0
1500591463364,61023337,2838.8106,0.27539703
1500591463398,61023338,2838.8103,0.0
1500591463398,61023338,2838.8107,0.19337052
1500591463483,61023340,2838.81,0.0
1500591463483,61023340,2838.8,0.061
1500591464047,61023342,2838.8,0.0
1500591464047,61023342,2838.91,0.061
1500591464424,61023343,2838.9101,0.04896459
1500591464424,61023343,2838.8104,0.0
1500591464456,61023344,2838.8107,0.0
1500591464456,61023344,2838.9101,0.24233511
1500591464745,61023345,2824.235,0.1744478
1500591465786,61023347,2837.7506,0.0
1500591465786,61023347,2837.0012,0.4438983
1500591466192,61023349,2838.9201,0.02
1500591466399,61023350,2838.9202,0.04896459
1500591466399,61023350,2838.9101,0.19337052
1500591466487,61023351,2838.6086,0.0
1500591466534,61023352,2838.91,0.0
1500591466534,61023352,2839.02,0.061
1500591466567,61023353,2838.9301,1.0
1500591466567,61023354,2838.9203,0.19337052
1500591466567,61023354,2838.9101,0.0
1500591466818,61023356,2838.9302,0.19337052
1500591466818,61023356,2838.9203,0.0
1500591466819,61023358,2823.7843,0.25072523
1500591466819,61023359,2838.2806,0.0
1500591467383,61023361,2838.2807,0.0
1500591467613,61023362,2837.0006,0.4669218
1500591467914,61023364,2838.9102,2.75635648
1500591468390,61023366,2839.0201,0.04896459
1500591468390,61023366,2838.9202,0.0
1500591468568,61023367,2839.0201,0.24233511
1500591468568,61023367,2838.9302,0.0
1500591468880,61023368,2822.6668,0.34173691
1500591469061,61023369,2838.9201,0.0
1500591469638,61023370,2837.0006,0.0
1500591469809,61023372,2838.9103,0.4666096
1500591470021,61023374,2837.9602,0.0
1500591470021,61023374,2839.0203,0.10912567
1500591470052,61023375,2839.0201,0.04896459
1500591470052,61023375,2839.0204,0.19337052
1500591470386,61023376,2839.0201,0.0
1500591470386,61023376,2839.0205,0.04896459
1500591470877,61023377,2824.2306,0.81911247
1500591471213,61023378,2838.7003,0.0
1500591472115,61023380,2839.0305,0.02
1500591472367,61023382,2839.0101,0.25
1500591472367,61023383,2839.13,0.061
1500591472367,61023383,2839.02,0.0
1500591472405,61023384,2839.0204,0.0
1500591472405,61023384,2839.0306,0.19337052
1500591472671,61023385,2823.454,0.9456228
1500591472964,61023386,2827.5696,8.95819293
1500591472964,61023386,2825.4665,0.0
1500591474573,61023390,2834.2992,1.29584015
1500591474573,61023390,2829.2297,7.08326525
1500591474722,61023392,2823.5289,0.7482891
1500591475150,61023394,2839.0305,0.0
1500591475706,61023395,2823.7474,0.9461385
1500591476856,61023398,2825.4941,0.16686629
1500591477037,61023399,2838.9301,0.0
1500591477038,61023400,2838.1702,0.0
1500591477038,61023400,2837.0012,0.8820525
1500591477153,61023401,2839.1342,1.0
1500591477186,61023402,2839.0306,0.0
1500591477186,61023402,2839.1343,0.20415793
1500591477668,61023404,2839.13,0.0
1500591477668,61023404,2839.12,0.061
1500591477971,61023407,2839.1443,0.02
1500591479074,61023410,2838.9102,0.0
1500591479727,61023412,2827.96,0.12
1500591479728,61023413,2829.2297,3.95875058
1500591479728,61023413,2827.5698,3.12634889
1500591479737,61023414,2829.2295,0.0
1500591479737,61023414,2832.8206,8.26395792
1500591479893,61023415,2822.5385,0.0
1500591480376,61023418,2839.0101,0.0
1500591480480,61023419,2839.1344,2.75613882
1500591480522,61023420,2839.1343,0.0
1500591480522,61023420,2839.1345,0.20415793
1500591480670,61023422,2825.4276,0.33340367
1500591481367,61023424,2839.1443,0.0
1500591481437,61023425,2838.9103,0.0
1500591481618,61023427,2839.1345,0.67072905
1500591481650,61023428,2839.1345,0.46657112
1500591481650,61023428,2839.1346,0.20415793
1500591481695,61023429,2839.1342,1.25
1500591481714,61023430,2838.39,0.0
1500591481735,61023431,2822.6668,0.0
1500591482136,61023433,2839.23,0.061
1500591482136,61023433,2839.12,0.0
1500591482136,61023434,2838.2803,0.0
1500591482136,61023434,2839.1348,0.07691075
1500591482171,61023435,2839.1349,0.20415793
1500591482171,61023435,2839.1346,0.0
1500591482353,61023436,2839.23,0.071
1500591482426,61023437,2839.2301,0.04896459
1500591482426,61023437,2839.0205,0.0
1500591482464,61023438,2839.1349,0.0
1500591482464,61023438,2839.2301,0.25312252
1500591483979,61023443,2839.2401,0.02
1500591484666,61023445,2825.6122,0.19828709
1500591485214,61023447,2827.96,0.0
1500591485527,61023449,2839.34,0.061
1500591485527,61023449,2839.23,0.01
1500591485561,61023450,2839.2301,0.04896459
1500591485561,61023450,2839.2402,0.20415793
1500591487255,61023454,2825.8397,0.12278925
1500591487443,61023455,2839.1342,0.25
1500591487683,61023456,2839.2401,0.0
1500591487702,61023458,2839.3519,1.0
1500591487734,61023459,2839.2402,0.0
1500591487734,61023459,2839.352,0.20415793
1500591487963,61023460,2830.3759,8.94931093
1500591487963,61023460,2827.5696,0.0
1500591488077,61023462,2839.45,0.061
1500591488077,61023462,2839.34,0.0
1500591489752,61023468,2839.1342,0.0
1500591489752,61023469,2823.2596,0.0
1500591489970,61023470,2839.46,0.02
1500591490002,61023471,2839.352,0.0
1500591490002,61023471,2839.4501,0.20415793
1500591490575,61023472,2839.45,0.0
1500591490575,61023472,2839.56,0.061
1500591490615,61023473,2839.4501,0.0
1500591490615,61023473,2839.4601,0.20415793
1500591490843,61023474,2823.1565,0.0
1500591491182,61023475,2839.4399,0.25
1500591491613,61023477,2839.1344,0.0
1500591491618,61023478,2839.5602,0.05520573
1500591491618,61023478,2838.7002,0.0
1500591491651,61023479,2839.4601,0.0
1500591491651,61023479,2839.5601,0.20415793
1500591491878,61023480,2823.2154,0.0
1500591492501,61023481,2839.2301,0.0
1500591492501,61023481,2839.5603,0.04896459
1500591492549,61023482,2839.5603,0.25312252
1500591492549,61023482,2839.5601,0.0
1500591492818,61023485,2839.4601,2.75582267
1500591493092,61023486,2839.46,0.0
1500591493170,61023487,2827.96,0.12
1500591493329,61023489,2834.299,0.0
1500591493329,61023489,2839.722,1.95409099
1500591493362,61023490,2839.5603,0.04896459
1500591493362,61023490,2839.7221,0.20415793
1500591493415,61023491,2839.5603,0.0
1500591493415,61023491,2839.7222,0.04896459
1500591493757,61023492,2839.82,0.061
1500591493757,61023492,2839.56,0.0
1500591493780,61023493,2838.8102,0.0
1500591493780,61023493,2839.7224,0.16341738
1500591493801,61023495,2839.7223,0.20415793
1500591493801,61023495,2839.7221,0.0
1500591493849,61023496,2839.7223,0.0
1500591493849,61023496,2839.7225,0.20415793
1500591494620,61023499,2839.1345,0.0
1500591494664,61023500,2835.1973,8.25703038
1500591494664,61023500,2832.8206,0.0
1500591494789,61023502,2839.7221,0.46647647
1500591495404,61023503,2839.8201,0.04896459
1500591495404,61023503,2839.7222,0.0
1500591495436,61023504,2839.8201,0.25312252
1500591495436,61023504,2839.7225,0.0
1500591496640,61023506,2839.8301,0.02
1500591496842,61023508,2830.3759,0.0
1500591496842,61023508,2832.5511,8.94243849
1500591497089,61023509,2825.2654,0.98921012
1500591497459,61023511,2839.93,0.061
1500591497459,61023511,2839.82,0.0
1500591497470,61023512,2839.8302,0.04896459
1500591497470,61023512,2839.8201,0.20415793
1500591497498,61023513,2839.8302,0.25312252
1500591497498,61023513,2839.8201,0.0
1500591497534,61023514,2839.8303,0.20415793
1500591497534,61023514,2839.8302,0.04896459
1500591497564,61023515,2839.3519,0.0
1500591497775,61023516,2839.933,1.0
1500591497798,61023519,2838.8106,0.0
1500591497798,61023519,2839.8303,0.47945607
1500591497810,61023520,2839.9331,0.20415793
1500591497810,61023520,2839.8303,0.27529814
1500591498334,61023523,2836.7322,1.95615053
1500591498334,61023523,2839.722,0.0
1500591498814,61023524,2826.4396,0.52708274
1500591499154,61023525,2839.4399,0.0
1500591499303,61023526,2839.8301,0.0
1500591499374,61023527,2839.9332,0.04896459
1500591499374,61023527,2839.8302,0.0
1500591499829,61023530,2839.7221,0.0
1500591499860,61023531,2849,0.097
1500591499914,61023532,2839.9331,0.0
1500591499914,61023532,2839.9333,0.20415793
1500591500137,61023534,2839.4602,0.46651787
1500591500214,61023535,2839.93,0.0
1500591500214,61023535,2849.1,0.061
1500591500474,61023536,2839.9199,0.25
1500591501370,61023539,2839.9332,0.0
1500591501510,61023540,2836.7322,0.0
1500591501510,61023540,2839.722,1.95409099
1500591501707,61023541,2823.454,0.0
1500591502073,61023542,2834.2992,0.0
1500591502073,61023542,2835.1975,1.29542958
1500591502264,61023543,2839.4602,0.0
1500591502424,61023544,2839.7221,0.46647673
1500591503031,61023545,2823.5289,0.0
1500591503848,61023548,2835.1973,0.0
1500591503848,61023548,2837.5855,8.25008101
1500591503862,61023549,2839.4601,0.0
1500591504447,61023550,2839.9335,0.10909058
1500591504447,61023550,2839.0203,0.0
1500591504479,61023551,2839.9336,0.20415793
1500591504479,61023551,2839.9333,0.0
1500591504693,61023553,2826.0883,0.22725266
1500591506878,61023556,2823.7843,0.0
1500591507204,61023557,2829.2297,1.80938024
1500591507204,61023557,2832.5513,2.14684987
1500591507638,61023559,2849.1,0.0
1500591507666,61023560,2823.7474,0.0
1500591507704,61023561,2839.933,0.0
1500591507744,61023562,2849.0001,0.04886325
1500591507779,61023563,2839.9415,1.0
1500591507811,61023564,2839.9416,0.19373574
1500591507811,61023564,2839.9336,0.0
1500591507965,61023565,2849.0001,0.0
1500591508166,61023566,2849.0001,0.04886325
1500591508366,61023567,2839.9199,0.0
1500591508370,61023568,2836.8715,1.95605447
1500591508370,61023568,2839.722,0.0
1500591508387,61023569,2849.0001,0.0
1500591508593,61023571,2849.0001,0.04886325
1500591508715,61023572,2849.1,0.061
1500591508715,61023573,2824.0805,0.0
1500591508795,61023574,2849.0001,0.0
1500591509370,61023575,2829.2297,0.0
1500591509370,61023575,2832.5513,3.95410833
1500591509699,61023578,2849.0899,0.25
1500591510303,61023580,2839.7221,0.0
1500591510854,61023581,2837.5856,0.46682632
1500591511070,61023582,2827.5071,0.94159281
1500591511912,61023584,2837.5858,0.43806393
1500591511912,61023584,2837.0012,0.4438983
1500591512406,61023585,2836.8715,0.0
1500591512406,61023585,2839.4437,1.95428252
1500591512427,61023586,2812.2699,0.0
1500591512824,61023587,2824.235,0.0
1500591513003,61023588,2824.9057,11.4543
1500591513198,61023589,2839.23,0.0
1500591513201,61023590,2837.5856,0.0
1500591513367,61023593,2839.4438,0.46652271
1500591513690,61023594,2824.2306,0.0
1500591513973,61023596,2827.9602,3.1259173
1500591513973,61023596,2827.5698,0.0
1500591515268,61023598,2827.96,0.0
1500591515454,61023600,2839.4437,0.0
1500591515454,61023600,2836.9354,1.95601041
1500591516417,61023603,2839.1348,0.0
1500591516417,61023603,2839.9418,0.0768889
1500591516463,61023604,2839.9416,0.0
1500591516463,61023604,2839.9419,0.19373574
1500591516646,61023605,2837.5855,0.0
1500591516646,61023605,2839.5901,8.24425689
1500591517824,61023609,2827.6655,0.8725087
1500591518076,61023610,2839.9415,0.0
1500591518084,61023611,2839.4438,0.0
1500591518137,61023612,2839.9479,1.0
1500591518169,61023613,2839.9419,0.0
1500591518169,61023613,2839.948,0.19373574
1500591518246,61023614,2839.5902,0.46649703
1500591518864,61023617,2849,0.0
1500591518864,61023617,2849.0899,0.0
1500591518864,61023617,2839.948,0.10173764
1500591518864,61023617,2849.1,0.0
1500591519059,61023618,2839.9481,0.04894098
1500591519372,61023621,2836.9354,0.0
1500591519372,61023621,2839.4292,1.9542925
1500591519668,61023622,2827.4654,0.87479561
1500591520044,61023623,2839.9581,0.02
1500591520105,61023624,2839.9481,0.0
1500591520105,61023624,2839.9582,0.04894098
1500591521691,61023628,2827.4291,0.90088522
1500591523204,61023631,2839.9581,0.0
1500591523235,61023632,2839.9582,0.0
1500591523235,61023632,2839.9481,0.04894098
1500591523669,61023633,2827.7976,0.42267885
1500591525717,61023639,2825.9424,0.5883871
1500591525723,61023640,2839.9481,0.29894098
1500591525757,61023641,2839.948,0.0
1500591525757,61023641,2839.9482,0.19373574
1500591525938,61023642,2839.9483,0.05519819
1500591525938,61023642,2839.5602,0.0
1500591525950,61023643,2839.9481,0.25
1500591525950,61023643,2839.9483,0.10413917
1500591525982,61023644,2839.9482,0.0
1500591525982,61023644,2839.9484,0.19373574
1500591526001,61023645,2839.9582,0.02
1500591526165,61023646,2839.9583,0.04894098
1500591526165,61023646,2839.9483,0.05519819
1500591527641,61023651,2840.05,0.031
1500591527673,61023653,2839.9484,0.0
1500591527673,61023653,2839.9584,0.19373574
1500591527833,61023654,2839.9583,0.0
1500591527833,61023654,2840.0501,0.04894098
1500591527865,61023655,2839.9584,0.0
1500591527865,61023655,2840.0501,0.24267672
1500591528581,61023657,2839.9584,2.75533914
1500591528582,61023658,2839.7224,0.0
1500591528582,61023658,2840.0503,0.16339851
1500591528617,61023659,2840.0501,0.04894098
1500591528617,61023659,2840.0504,0.19373574
1500591528656,61023660,2840.0501,0.0
1500591528656,61023660,2840.0505,0.04894098
1500591528747,61023661,2839.9479,0.0
1500591528754,61023662,2827.6655,0.0
1500591528814,61023663,2840.0596,1.0
1500591528852,61023664,2840.0597,0.19373574
1500591528852,61023664,2840.0504,0.0
1500591528881,61023665,2840.0505,0.0
1500591528881,61023665,2840.0597,0.24267672
1500591528999,61023666,2828.1229,8.95644033
1500591528999,61023666,2832.5511,0.0
1500591529046,61023667,2839.9582,0.0
1500591529738,61023669,2827.7976,0.0
1500591530633,61023671,2840.0502,0.27527682
1500591530633,61023671,2839.8303,0.0
1500591530634,61023672,2839.5902,0.0
1500591531147,61023675,2839.9585,0.46643491
1500591531322,61023676,2828.1229,0.0
1500591531322,61023676,2834.3367,8.93680486
1500591531876,61023677,2825.4927,0.53715771
1500591532036,61023679,2840.0697,0.02
1500591532222,61023680,2840.0597,0.19373574
1500591532222,61023680,2840.0698,0.04894098
1500591533042,61023683,2840.16,0.031
1500591533042,61023683,2840.05,0.0
1500591533075,61023685,2840.0597,0.0
1500591533075,61023685,2840.0699,0.19373574
1500591533274,61023686,2840.1601,0.04894098
1500591533274,61023686,2840.0698,0.0
1500591533307,61023687,2840.1601,0.24267672
1500591533307,61023687,2840.0699,0.0
1500591533675,61023690,2827.5071,0.0
1500591533700,61023691,2839.9481,0.0
1500591534701,61023693,2827.4654,0.0
1500591534780,61023694,2835.1975,0.0
1500591534780,61023694,2834.3369,1.29582291
1500591535054,61023695,2840.0598,0.25
1500591535113,61023696,2840.0697,0.0
1500591535491,61023697,2840.16,0.0
1500591535491,61023697,2840.15,0.031
1500591535699,61023698,2827.4291,0.0
1500591536047,61023699,2840.26,0.031
1500591536047,61023699,2840.15,0.0
1500591536078,61023700,2840.1601,0.04894098
1500591536078,61023700,2840.1602,0.19373574
1500591536138,61023701,2838.9101,0.0126
1500591536223,61023702,2840.1601,0.0
1500591536223,61023702,2840.2601,0.04894098
1500591536255,61023703,2840.1602,0.0
1500591536255,61023703,2840.2601,0.24267672
1500591536662,61023704,2840.26,0.0
1500591536662,61023704,2840.15,0.031
1500591537252,61023706,2840.2603,0.10907803
1500591537252,61023706,2839.9335,0.0
1500591537286,61023707,2840.2604,0.19950305
1500591537286,61023707,2840.2601,0.04894098
1500591537313,61023708,2840.36,0.031
1500591537313,61023708,2840.15,0.0
1500591537471,61023709,2840.3601,0.04894098
1500591537471,61023709,2840.2601,0.0
1500591537503,61023710,2840.2604,0.0
1500591537503,61023710,2840.3601,0.24844403
1500591538063,61023712,2840.3701,0.02
1500591538781,61023714,2825.1529,0.20430636
1500591538876,61023715,2840.0596,0.0
1500591538897,61023716,2840.47,0.031
1500591538897,61023716,2840.36,0.0
1500591538929,61023717,2840.3601,0.04894098
1500591538929,61023717,2840.3602,0.19950305
1500591538946,61023718,2840.3791,1.0
1500591538977,61023719,2840.3602,0.0
1500591538977,61023719,2840.3792,0.19950305
1500591539352,61023720,2826.4398,2.15149192
1500591539352,61023720,2832.5513,1.80725846
1500591539463,61023721,2840.3601,0.0
1500591539463,61023721,2840.4701,0.04894098
1500591539496,61023722,2840.4701,0.24844403
1500591539496,61023722,2840.3792,0.0
1500591539801,61023723,2839.9584,0.0
1500591539854,61023725,2837.001,0.0
1500591540801,61023728,2827.4463,0.51759684
1500591541133,61023729,2840.3702,2.75493966
1500591541517,61023731,2840.3701,0.0
1500591542366,61023734,2834.3369,3.10194282
1500591542366,61023734,2832.5513,0.0
1500591542554,61023735,2839.5901,0.0
1500591542554,61023735,2835.3758,8.25651056
1500591542676,61023736,2827.2121,0.82798331
1500591543072,61023738,2839.9585,0.0
1500591543072,61023739,2840.0598,0.0
1500591543073,61023740,2840.57,0.01
1500591543350,61023741,2839.5902,0.4664973
1500591543566,61023743,2840.5701,0.04894098
1500591543566,61023743,2840.4701,0.19950305
1500591543965,61023745,2840.5801,0.02
1500591543999,61023747,2840.5701,0.24844403
1500591543999,61023747,2840.4701,0.0
1500591544350,61023748,2837.5858,0.0
1500591544350,61023748,2838.9103,0.43785955
1500591544366,61023749,2840.46,0.25
1500591544702,61023752,2827.4727,0.8003146
1500591545371,61023753,2840.4702,0.0397015
1500591545438,61023755,2840.5802,0.04894098
1500591545438,61023755,2840.5701,0.19950305
1500591545999,61023756,2830.4372,8.94911711
1500591545999,61023756,2834.3367,0.0
1500591546498,61023759,2827.4729,3.12645603
1500591546498,61023759,2827.9602,0.0
1500591546842,61023760,2827.6374,0.94672155
1500591547356,61023763,2840.5801,0.0
1500591547430,61023764,2840.5802,0.0
1500591547430,61023764,2840.5702,0.04894098
1500591547667,61023766,2826.3016,0.17912815
1500591548370,61023768,2839.5902,0.0
1500591548697,61023769,2839.9418,0.0
1500591548697,61023769,2840.5704,0.07687188
1500591548729,61023771,2840.5705,0.19950305
1500591548729,61023771,2840.5701,0.0
1500591549037,61023773,2840.3791,0.0
1500591549140,61023774,2840.5782,1.0
1500591549175,61023775,2840.5783,0.19950305
1500591549175,61023775,2840.5705,0.0
1500591549515,61023776,2840.5784,0.04894098
1500591549515,61023776,2840.5702,0.0
1500591549548,61023777,2840.3703,0.46636755
1500591549957,61023780,2840.5884,0.02
1500591551085,61023784,2830.4372,0.0
1500591551085,61023784,2833.7347,8.9387034
1500591551502,61023785,2840.5784,0.0
1500591551502,61023785,2840.5885,0.04894098
1500591552447,61023789,2840.46,0.0
1500591552564,61023790,2840.68,0.031
1500591552564,61023790,2840.47,0.0
1500591552565,61023791,2840.3702,0.0
1500591552597,61023792,2840.5783,0.0
1500591552597,61023792,2840.5886,0.19950305
1500591553143,61023793,2840.5884,0.0
1500591553367,61023794,2840.3703,0.0
1500591553488,61023795,2840.5885,0.0
1500591553488,61023795,2840.6801,0.04894098
1500591553521,61023796,2840.6801,0.24844403
1500591553521,61023796,2840.5886,0.0
1500591553622,61023797,2839.4293,0.466524
1500591553665,61023798,2840.5885,0.04
1500591553678,61023799,2825.4941,0.0
1500591553715,61023800,2840.5783,0.25
1500591553830,61023801,2840.68,0.0
1500591553830,61023801,2840.67,0.031
1500591554529,61023802,2840.78,0.031
1500591554529,61023802,2840.67,0.0
1500591554562,61023803,2840.6801,0.04894098
1500591554562,61023803,2840.6802,0.19950305
1500591554712,61023804,2838.5215,8.24736055
1500591554712,61023804,2835.3758,0.0
1500591554885,61023805,2825.4276,0.0
1500591555108,61023806,2830.4573,8.94905356
1500591555108,61023806,2833.7347,0.0
1500591555478,61023808,2840.6801,0.0
1500591555478,61023808,2840.7801,0.04894098
1500591555512,61023809,2840.6802,0.0
1500591555512,61023809,2840.7801,0.24844403
1500591555667,61023811,2825.6122,0.0
1500591555995,61023813,2840.7901,0.02
1500591556622,61023815,2840.78,0.0
1500591556622,61023815,2840.89,0.031
1500591556655,61023816,2840.7802,0.19950305
1500591556655,61023816,2840.7801,0.04894098
1500591556859,61023817,2825.2654,0.0
1500591557352,61023818,2844.5674,1.95076242
1500591557352,61023818,2839.4292,0.0
1500591557384,61023819,2844.5675,0.19950305
1500591557384,61023819,2840.7802,0.0
1500591557444,61023820,2844.5676,0.04894098
1500591557444,61023820,2840.7801,0.0
1500591557568,61023821,2838.5215,0.0
1500591557568,61023821,2834.9765,8.25767347
1500591557674,61023822,2840.89,0.0
1500591557674,61023822,2844.66,0.031
1500591557700,61023823,2825.4927,0.0
1500591557706,61023824,2844.5677,0.19950305
1500591557706,61023824,2844.5675,0.0
1500591558280,61023825,2840.7903,0.05518183
1500591558280,61023825,2839.9483,0.0
1500591559118,61023829,2825.1529,0.0
1500591559357,61023830,2840.7901,0.0
1500591559358,61023831,2840.5782,0.0
1500591559460,61023832,2837.0038,1.0
1500591559541,61023833,2844.5676,0.0
1500591559541,61023833,2844.6601,0.04894098
1500591559573,61023834,2844.5677,0.0
1500591559573,61023834,2844.6601,0.24844403
1500591560035,61023837,2839.4293,0.0
1500591560244,61023838,2844.5675,0.46567968
1500591560718,61023839,2840.5887,0.16336754
1500591560718,61023839,2840.0503,0.0
1500591561464,61023841,2833.7448,8.93867154
1500591561464,61023841,2830.4573,0.0
1500591562058,61023844,2840.5783,0.0
1500591562076,61023845,2844.6701,0.02
1500591562479,61023849,2844.6702,0.04894098
1500591562479,61023849,2844.6601,0.19950305
1500591563084,61023852,2840.0502,0.0
1500591563084,61023852,2838.9103,0.71324691
1500591563085,61023853,2844.65,0.25
1500591563436,61023854,2844.77,0.031
1500591563436,61023854,2844.66,0.0
1500591563470,61023855,2844.6703,0.19950305
1500591563470,61023855,2844.6601,0.0
1500591563573,61023857,2834.9765,0.0
1500591563573,61023857,2840.531,8.24152605
1500591564571,61023859,2844.6702,0.0
1500591564571,61023859,2844.7701,0.04894098
1500591564604,61023861,2844.7701,0.24844403
1500591564604,61023861,2844.6703,0.0
1500591564770,61023862,2840.5885,0.0
1500591565252,61023865,2844.6701,0.0
1500591565265,61023866,2837.004,0.44389786
1500591565265,61023866,2837.0012,0.0
1500591565754,61023868,2844.7701,0.28844403
1500591565779,61023869,2844.75,0.031
1500591565779,61023869,2844.77,0.0
1500591565786,61023870,2844.7702,0.19950305
1500591565786,61023870,2844.7701,0.08894098
1500591566391,61023872,2844.87,0.031
1500591566391,61023872,2844.75,0.0
1500591566465,61023873,2844.8701,0.04894098
1500591566465,61023873,2844.7701,0.04
1500591566510,61023874,2844.7702,0.0
1500591566510,61023874,2844.8701,0.24844403
1500591567258,61023876,2833.745,1.29609358
1500591567258,61023876,2834.3369,1.80611991
1500591567759,61023878,2828.9334,0.29350259
1500591567963,61023879,2844.8801,0.02
1500591568335,61023880,2844.98,0.031
1500591568335,61023880,2844.87,0.0
1500591568370,61023881,2844.8701,0.19950305
1500591568370,61023881,2844.8802,0.04894098
1500591568370,61023882,2844.8701,0.0
1500591568370,61023882,2844.8702,0.20385531
1500591568801,61023884,2844.8803,0.20385531
1500591568801,61023884,2844.8702,0.0
1500591569540,61023887,2840.5702,0.10906613
1500591569540,61023887,2840.2603,0.0
1500591569589,61023888,2837.0038,0.0
1500591569707,61023889,2826.6341,0.78823333
1500591569711,61023890,2844.9841,1.0
1500591569743,61023891,2844.9842,0.20385531
1500591569743,61023891,2844.8803,0.0
1500591570529,61023892,2844.9843,0.04894098
1500591570529,61023892,2844.8802,0.0
1500591571053,61023894,2844.65,0.0
1500591571156,61023897,2844.8801,0.0
1500591571591,61023898,2826.4398,0.0
1500591571591,61023898,2828.9336,2.14959531
1500591571667,61023899,2827.4423,0.97592568
1500591572374,61023901,2844.9699,0.25
1500591572441,61023902,2844.98,0.0
1500591572441,61023902,2844.87,0.031
1500591573027,61023905,2834.66,0.12
1500591573801,61023907,2825.8397,0.0
1500591573807,61023908,2840.57,0.0
1500591573809,61023909,2833.745,3.10259074
1500591573809,61023909,2834.3369,0.0
1500591574060,61023910,2844.9943,0.02
1500591574410,61023912,2844.9843,0.0
1500591574410,61023912,2844.9944,0.04894098
1500591574844,61023913,2826.4396,0.0
1500591575796,61023915,2826.0883,0.0
1500591576666,61023916,2825.9424,0.0
1500591577174,61023917,2844.9943,0.0
1500591577224,61023918,2844.7701,0.0
1500591577541,61023919,2844.9843,0.04894098
1500591577541,61023919,2844.9944,0.0
1500591577702,61023920,2827.2121,0.0
1500591578080,61023921,2828.9336,5.27443702
1500591578080,61023921,2827.4729,0.0
1500591578837,61023923,2826.3016,0.0
1500591579313,61023926,2844.87,0.0
1500591579735,61023929,2844.9841,0.0
1500591579801,61023930,2840.7937,1.0
1500591580305,61023931,2844.9943,0.02
1500591580459,61023932,2844.9843,0.0
1500591580459,61023932,2844.9944,0.04894098
1500591580502,61023933,2845.08,0.031
1500591580509,61023934,2844.9845,0.07675261
1500591580509,61023934,2840.5704,0.0
1500591580534,61023935,2844.9945,0.20385531
1500591580534,61023935,2844.9842,0.0
1500591582446,61023938,2845.0801,0.04894098
1500591582446,61023938,2844.9944,0.0
1500591582479,61023939,2845.0801,0.25279629
1500591582479,61023939,2844.9945,0.0
1500591583152,61023942,2844.9943,0.0
1500591585970,61023947,2845.0901,0.02
1500591586510,61023948,2845.0802,0.59456673
1500591586533,61023949,2845.0902,0.04894098
1500591586533,61023949,2845.0801,0.20385531
1500591586542,61023950,2845.0803,0.20385531
1500591586542,61023950,2845.0801,0.0
1500591586670,61023951,2828.6134,0.9348945
1500591587275,61023952,2844.9699,0.0
1500591587299,61023953,2845.08,0.0
1500591587986,61023954,2833.7448,0.0
1500591587986,61023954,2836.2091,8.93465876
1500591588433,61023956,2845.19,0.031
1500591588576,61023957,2845.0803,0.0
1500591588576,61023957,2845.0903,0.20385531
1500591588577,61023958,2845.0902,0.0
1500591588577,61023958,2845.1901,0.04894098
1500591588609,61023959,2845.0903,0.0
1500591588609,61023959,2845.1901,0.25279629
1500591588706,61023960,2845.07,0.25
1500591589090,61023962,2845.0901,0.0
1500591589137,61023963,2850,1.0
1500591589169,61023964,2850.0001,0.20385531
1500591589169,61023964,2845.1901,0.04894098
1500591589395,61023965,2850.1,0.031
1500591589395,61023965,2845.19,0.0
1500591589976,61023966,2840.7903,0.0
1500591589976,61023966,2845.1903,0.05509649
1500591590275,61023967,2840.7937,0.0
1500591590398,61023968,2850.1001,0.04894098
1500591590398,61023968,2845.1901,0.0
1500591590431,61023969,2850.1001,0.25279629
1500591590431,61023969,2850.0001,0.0
1500591590611,61023970,2845.1952,1.0
1500591592794,61023972,2840.5887,0.0
1500591592794,61023972,2844.5677,0.16313902
1500591595249,61023973,2840.5312,0.27523021
1500591595249,61023973,2838.9103,0.43785955
1500591596634,61023974,2845.07,0.0
1500591597736,61023975,2845.0802,0.0
1500591597740,61023976,2837.004,0.0
1500591597740,61023976,2840.5312,0.71857686
1500591597855,61023977,2846.2337,0.25
1500591598788,61023978,2852.8439,0.5236196
1500591598820,61023979,2850.1002,0.19023315
1500591598820,61023979,2850.1001,0.04894098
1500591599137,61023980,2850.1,0.0
1500591599137,61023980,2852.94,0.031
1500591599507,61023981,2852.9401,0.04894098
1500591599507,61023981,2850.1001,0.0
1500591599926,61023982,2838.9103,1.73159493
1500591599926,61023982,2833.745,1.80649716
1500591601470,61023983,2852.8439,0.0
1500591602053,61023984,2845.1952,0.0
1500591602350,61023985,2852.94,0.0
1500591602350,61023985,2850.2,0.031
1500591602382,61023986,2850.2001,0.19023315
1500591602382,61023986,2850.1002,0.0
1500591602438,61023987,2840.5765,1.0
1500591602563,61023988,2852.9401,0.0
1500591602563,61023988,2850.2002,0.04894098
1500591602643,61023989,2400,2.01440312
1500591603126,61023990,2854.08,1.32401737
1500591603160,61023991,2854.0801,0.19023315
1500591603160,61023991,2850.2001,0.0
1500591603749,61023992,2850.2,0.0
1500591603749,61023992,2850.1,0.031
1500591603749,61023993,2854.08,1.57401737
1500591603979,61023994,2846.2339,0.1088491
1500591603979,61023994,2840.5702,0.0
1500591604352,61023995,2850.1,0.0
1500591604352,61023995,2854.18,0.031
1500591604538,61023998,2850.2002,0.0
1500591606010,61024000,2838.9103,3.87363598
1500591606010,61024000,2828.9336,3.12484171
1500591606525,61024001,2854.1801,0.04872381
1500591606557,61024002,2854.0801,0.0
1500591606557,61024002,2854.1801,0.23895696
1500591607741,61024003,2854.08,1.32401737
1500591608077,61024004,2840.4704,1.80221991
1500591608077,61024004,2833.745,0.0
1500591609018,61024005,2854.1801,0.27895696
1500591609050,61024006,2854.1802,0.19023315
1500591609050,61024006,2854.1801,0.08872381
1500591609566,61024007,2854.1803,0.04872381
1500591609566,61024007,2854.1801,0.04
1500591610258,61024008,2844.5677,0.60012774
1500591610258,61024008,2838.9103,3.43577643
1500591611202,61024009,2854.1803,0.0
1500591611202,61024009,2854.1802,0.13966559
1500591612367,61024013,2846.2337,0.0
1500591612535,61024014,2840.5765,0.0
1500591612658,61024015,2845.1928,1.0
1500591612864,61024016,2836.2093,3.11682558
1500591612864,61024016,2828.9336,0.0
1500591613934,61024017,2854.1702,0.25
1500591615502,61024018,2845.193,0.07674699
1500591615502,61024018,2844.9845,0.0
1500591618577,61024020,2854.1803,0.04867375
1500591618973,61024022,2854.1903,0.02
1500591619346,61024025,2834.66,0.0
1500591620609,61024026,2854.1803,0.0
1500591620609,61024026,2854.1904,0.04867375
1500591620617,61024027,2854.1801,0.0
1500591621433,61024028,2837.18,0.12
1500591621433,61024029,2844.5674,0.0
1500591621433,61024029,2855.4883,1.94330167
1500591621466,61024030,2855.4884,0.19023315
1500591621466,61024030,2854.1802,0.0
1500591621727,61024033,2855.4884,0.16523747
1500591621798,61024034,2854.1702,0.0
1500591622141,61024038,2854.1903,0.0
1500591622142,61024040,2854.1904,0.08867375
1500591622266,61024042,2854.18,0.0
1500591622609,61024044,2854.1904,0.04
1500591622609,61024044,2855.4885,0.04867375
1500591622693,61024045,2845.1928,0.0
1500591622902,61024046,2840.5425,1.0
1500591623143,61024048,2854.1803,0.25
1500591623163,61024049,2855.58,0.031
1500591623195,61024050,2855.4884,0.0
1500591623195,61024050,2855.4886,0.19023315
1500591623403,61024051,2844.5675,0.0
1500591623610,61024052,2855.4884,0.46390055
1500591624605,61024055,2855.4885,0.0
1500591624605,61024055,2855.5801,0.04867375
1500591624637,61024056,2855.5801,0.2389069
1500591624637,61024056,2855.4886,0.0
1500591624808,61024057,2855.5802,0.05489602
1500591624808,61024057,2845.1903,0.0
1500591624840,61024058,2855.5801,0.04867375
1500591624840,61024058,2855.5802,0.24512917
1500591625113,61024059,2855.5902,0.02
1500591625153,61024061,2855.5803,0.19023315
1500591625153,61024061,2855.5802,0.05489602
1500591626492,61024064,2855.5801,0.0
1500591626492,61024064,2855.5903,0.04867375
1500591626580,61024065,2845.8949,8.22599255
1500591626580,61024065,2840.531,0.0
1500591627150,61024066,2844.5677,0.43698872
1500591627150,61024066,2855.5905,0.1625093
1500591627182,61024068,2855.5803,0.0
1500591627182,61024068,2855.5906,0.19023315
1500591628076,61024071,2855.5902,0.0
1500591628590,61024073,2855.5907,0.04867375
1500591628590,61024073,2855.5903,0.0
1500591629512,61024075,2854.1906,0.27391303
1500591629512,61024075,2840.5312,0.44334665
1500591630969,61024084,2855.6007,0.02
1500591631144,61024086,2854.1803,0.0
1500591631372,61024088,2855.4883,0.0
1500591631372,61024088,2848.5628,1.94802628
1500591631547,61024089,2855.6008,0.04867375
1500591631547,61024089,2855.5907,0.0
1500591631790,61024091,2850.0002,0.44187365
1500591631790,61024091,2840.5312,0.0
1500591632268,61024092,2855.58,0.0
1500591632268,61024092,2855.7,0.031
1500591632299,61024093,2855.6009,0.19013713
1500591632299,61024093,2855.5906,0.0
1500591632411,61024094,2855.5807,0.25
1500591632593,61024096,2845.8949,0.0
1500591632593,61024096,2849.2985,8.21616627
1500591633264,61024097,2854.08,0.0
1500591633337,61024098,2840.5425,0.0
1500591633424,61024099,2850.0057,1.0
1500591633453,61024100,2854.1904,0.0
1500591633543,61024101,2855.7001,0.04867375
1500591633543,61024101,2855.6008,0.0
1500591633576,61024102,2855.7001,0.23881088
1500591633576,61024102,2855.6009,0.0
1500591633757,61024104,2855.4884,0.0
1500591634219,61024105,2849.2986,0.4649067
1500591634359,61024106,2850.0059,1.28869863
1500591634359,61024106,2838.9103,2.14204105
1500591634504,61024107,2855.6007,0.0
1500591634721,61024109,2855.6009,0.04
1500591635002,61024111,2838.6217,8.92706502
1500591635002,61024111,2836.2091,0.0
1500591635327,61024114,2855.79,0.01
1500591635530,61024116,2849.2985,0.0
1500591635530,61024116,2846.4389,8.22442043
1500591635534,61024117,2855.7001,0.19013713
1500591635534,61024117,2855.7901,0.04867375
1500591636649,61024120,2855.7903,0.10848486
1500591636649,61024120,2846.2339,0.0
1500591636650,61024121,2849.2986,0.0
1500591636681,61024123,2855.7001,0.0
1500591636681,61024123,2855.7904,0.19013713
1500591637265,61024124,2837.18,0.0
1500591637294,61024126,2850.006,0.46479319
1500591637396,61024128,2855.8004,0.02
1500591637645,61024131,2855.8005,0.04867375
1500591637645,61024131,2855.7901,0.0
1500591637984,61024132,2855.9,0.031
1500591637984,61024132,2855.7,0.0
1500591638023,61024133,2855.7904,0.0
1500591638023,61024133,2855.8006,0.19013713
1500591638856,61024135,2832.7261,0.73517787
1500591638862,61024136,2846.4391,2.13637538
1500591638862,61024136,2838.9103,0.0
1500591639623,61024137,2855.8005,0.0
1500591639623,61024137,2855.9001,0.04867375
1500591639656,61024138,2855.8006,0.0
1500591639656,61024138,2855.9001,0.23881088
1500591640158,61024139,2834.3189,8.94061726
1500591640158,61024139,2838.6217,0.0
1500591640184,61024140,2855.8004,0.0
1500591640372,61024141,2855.5807,0.0
1500591640820,61024142,2855.9,0.0
1500591640820,61024142,2855.89,0.031
1500591641328,61024144,2848.563,1.79709991
1500591641328,61024144,2840.4704,0.0
1500591641433,61024145,2856,0.031
1500591641433,61024145,2855.89,0.0
1500591641466,61024146,2855.9002,0.19013713
1500591641466,61024146,2855.9001,0.04867375
1500591641516,61024147,2856.0001,0.04867375
1500591641516,61024147,2855.9001,0.0
1500591641547,61024148,2856.0001,0.23881088
1500591641547,61024148,2855.9002,0.0
1500591641701,61024149,2855.8899,0.25
1500591642792,61024151,2856,0.0
1500591642792,61024151,2855.98,0.031
1500591643108,61024152,2856.0101,0.02
1500591643492,61024155,2850.0057,0.0
1500591643512,61024156,2856.0102,0.04867375
1500591643512,61024156,2856.0001,0.19013713
1500591643571,61024157,2846.4389,0.0
1500591643571,61024157,2851.286,8.21043916
1500591643591,61024158,2850.0128,1.0
1500591643596,61024159,2844.5677,0.0
1500591643596,61024159,2850.0062,0.43615484
1500591643898,61024160,2833.809,0.83657026
1500591644066,61024161,2855.98,0.0
1500591644066,61024161,2856.11,0.031
1500591644147,61024162,2856.0103,0.19013713
1500591644147,61024162,2856.0001,0.0
1500591645598,61024166,2856.1101,0.04867375
1500591645598,61024166,2856.0102,0.0
1500591645630,61024167,2856.0103,0.0
1500591645630,61024167,2856.1101,0.23881088
1500591645670,61024168,2840.4704,3.11214991
1500591645670,61024168,2836.2093,0.0
1500591646158,61024169,2855.6009,0.0
1500591646420,61024170,2850.006,0.0
1500591646421,61024171,2856.0101,0.0
1500591646850,61024172,2851.2861,0.4645829
1500591647030,61024173,2856.11,0.0
1500591647030,61024173,2855.98,0.031
1500591647112,61024174,2838.9101,0.0
1500591647188,61024175,2833.4332,0.28340774
1500591647559,61024176,2856.1101,0.27881088
1500591647587,61024177,2856.1101,0.08867375
1500591647587,61024177,2856.1102,0.19013713
1500591647623,61024178,2855.98,0.0
1500591647623,61024178,2856.21,0.031
1500591648229,61024180,2856.2102,0.07645096
1500591648229,61024180,2845.193,0.0
1500591648263,61024182,2856.1102,0.0
1500591648263,61024182,2856.2103,0.19013713
1500591648610,61024185,2856.1101,0.04
1500591648610,61024185,2856.2104,0.04867375
1500591648954,61024188,2856.2204,0.02
1500591649330,61024190,2857.6905,1.94180412
1500591649330,61024190,2848.5628,0.0
1500591649362,61024191,2856.2103,0.0
1500591649362,61024191,2857.6906,0.19013713
1500591649983,61024194,2855.8899,0.0
1500591650320,61024196,2838.8278,21.74991463
1500591650354,61024197,2857.79,0.031
1500591650354,61024197,2856.21,0.0
1500591650974,61024199,2851.2861,0.0
1500591651032,61024200,2856.2003,0.25
1500591651150,61024201,2857.6906,0.65368071
1500591651182,61024202,2857.6907,0.19013713
1500591651182,61024202,2857.6906,0.46354358
1500591651373,61024204,2836.465,0.0
1500591651642,61024206,2850,0.0
1500591651802,61024207,2842.64,0.12
1500591652396,61024209,2856.2204,0.0
1500591654445,61024211,2850.0128,0.0
1500591654691,61024213,2851.2883,1.0
1500591654692,61024214,2857.7901,0.04867375
1500591654692,61024214,2856.2104,0.0
1500591654769,61024215,2857.6907,0.0
1500591654769,61024215,2857.7901,0.23881088
1500591655054,61024217,2857.8001,0.02
1500591655114,61024218,2857.8002,0.04867375
1500591655114,61024218,2857.7901,0.19013713
1500591655750,61024222,2857.9,0.031
1500591655750,61024222,2857.79,0.0
1500591655786,61024223,2857.8003,0.19013713
1500591655786,61024223,2857.7901,0.0
1500591656542,61024226,2853.4764,8.20413662
1500591656542,61024226,2851.286,0.0
1500591656584,61024227,2857.8002,0.0
1500591656584,61024227,2857.9001,0.04867375
1500591656617,61024228,2857.8003,0.0
1500591656617,61024228,2857.9001,0.23881088
1500591657037,61024230,2834.3189,0.0
1500591657037,61024230,2836.9864,8.93221077
1500591657417,61024231,2857.9003,0.05485146
1500591657417,61024231,2855.5802,0.0
1500591657449,61024232,2857.9002,0.19013713
1500591657449,61024232,2857.9001,0.04867375
1500591658343,61024236,2857.8001,0.0
1500591658610,61024239,2857.9004,0.04867375
1500591658610,61024239,2857.9001,0.0
1500591658610,61024240,2857.9,0.0
1500591658610,61024240,2857.79,0.031
1500591658648,61024241,2857.9004,0.25661472
1500591658648,61024241,2857.9002,0.0
1500591659300,61024243,2856.1101,0.0
1500591659527,61024244,2856.2003,0.0
1500591659828,61024248,2580,0.0
1500591660383,61024252,2857.8902,0.25
1500591660383,61024253,2855.7902,0.16249793
1500591660383,61024253,2855.5905,0.0
1500591660404,61024254,2857.9004,0.29661472
1500591660436,61024255,2857.9004,0.08867375
1500591660436,61024255,2857.9005,0.20794097
1500591660918,61024256,2858,0.031
1500591660918,61024256,2857.79,0.0
1500591661038,61024257,2857.9105,0.02
1500591661452,61024258,2824.9057,0.0
1500591661487,61024259,2857.9004,0.04
1500591661487,61024259,2858.0001,0.04867375
1500591661528,61024260,2858.0001,0.25661472
1500591661528,61024260,2857.9005,0.0
1500591661581,61024261,2855.79,0.0
1500591661855,61024263,2837.6126,11.4543
1500591662143,61024264,2858.07,0.01
1500591662389,61024265,2858,0.0
1500591662389,61024265,2858.17,0.031
1500591662424,61024266,2858.0002,0.20794097
1500591662424,61024266,2858.0001,0.04867375
1500591662627,61024267,2854.1906,0.0
1500591662627,61024267,2853.4766,0.27398157
1500591662706,61024270,2841.7016,21.72791904
1500591662706,61024270,2838.8278,0.0
1500591663581,61024271,2858.1701,0.04867375
1500591663581,61024271,2858.0001,0.0
1500591663614,61024272,2858.1701,0.25661472
1500591663614,61024272,2858.0002,0.0
1500591663628,61024273,2768.769,0.0
1500591663946,61024275,2830.4816,0.94330215
1500591664127,61024277,2857.9105,0.0
1500591664891,61024279,2853.4766,0.71531689
1500591664891,61024279,2850.0002,0.0
1500591664923,61024280,2851.2883,0.0
1500591665202,61024282,2858.1747,1.0
1500591665235,61024283,2858.1748,0.20794097
1500591665235,61024283,2858.1701,0.04867375
1500591665583,61024284,2858.1749,0.04867375
1500591665583,61024284,2858.1701,0.0
1500591665705,61024286,2832.7261,0.0
1500591666672,61024291,2838.8353,21.74985717
1500591666672,61024291,2841.7016,0.0
1500591667166,61024293,2858.1849,0.02
1500591667173,61024295,2850.0059,0.0
1500591667173,61024295,2842.6402,1.29203784
1500591667410,61024297,2858.17,0.0
1500591667410,61024297,2858.28,0.031
1500591667488,61024299,2858.1748,0.0
1500591667488,61024299,2858.175,0.20794097
1500591667569,61024301,2858.1749,0.0
1500591667569,61024301,2858.2801,0.04867375
1500591667639,61024302,2858.175,0.0
1500591667639,61024302,2858.2801,0.25661472
1500591668405,61024306,2857.8902,0.0
1500591668943,61024307,2833.3257,0.54567372
1500591668948,61024308,2841.7016,21.72791904
1500591668948,61024308,2838.8353,0.0
1500591669082,61024309,2840.4702,0.0
1500591669783,61024312,2858.1648,0.25
1500591669837,61024314,2828,1.06703356
1500591670336,61024316,2857.6908,0.10841271
1500591670336,61024316,2855.7903,0.0
1500591670522,61024317,2858.1849,0.0
1500591670995,61024319,2833.4332,0.0
1500591671015,61024320,2858.28,0.0
1500591671015,61024320,2858.27,0.031
1500591671656,61024322,2858.38,0.031
1500591671656,61024322,2858.27,0.0
1500591671689,61024323,2858.2801,0.04867375
1500591671689,61024323,2858.2802,0.20794097
1500591671720,61024324,2857.9004,0.0
1500591671891,61024327,2842.64,0.0
1500591672427,61024328,2841.7018,2.13993685
1500591672427,61024328,2846.4391,0.0
1500591672577,61024329,2858.2801,0.0
1500591672577,61024329,2858.3801,0.04867375
1500591672609,61024330,2858.2802,0.0
1500591672609,61024330,2858.3801,0.25661472
1500591672801,61024331,2858.2802,0.04
1500591673022,61024333,2858.27,0.031
1500591673022,61024333,2858.38,0.0
1500591673024,61024334,2858.3901,0.02
1500591673532,61024337,2853.4764,0.0
1500591673532,61024337,2850.9702,8.21134863
1500591673599,61024338,2858.49,0.031
1500591673599,61024338,2858.27,0.0
1500591673632,61024339,2858.3801,0.04867375
1500591673632,61024339,2858.3802,0.20794097
1500591673677,61024340,2833.809,0.0
1500591674325,61024341,2858.2802,0.07945411
1500591674567,61024342,2858.3801,0.0
1500591674567,61024342,2858.4901,0.04867375
1500591674599,61024344,2858.4901,0.25661472
1500591674599,61024344,2858.3802,0.0
1500591674622,61024345,2848.563,0.0
1500591674622,61024345,2841.7018,3.9413758
1500591675947,61024348,2858.1747,0.0
1500591676085,61024349,2858.3901,0.0
1500591676281,61024350,2858.4989,1.0
1500591676313,61024352,2858.4901,0.04867375
1500591676313,61024352,2858.499,0.20794097
1500591676554,61024353,2858.4901,0.0
1500591676554,61024353,2858.4991,0.04867375
1500591676862,61024355,2850.0062,0.0
1500591676862,61024355,2850.9704,0.43600733
1500591677127,61024356,2858.38,0.031
1500591677127,61024356,2858.49,0.0
1500591677709,61024359,2858.1648,0.0
1500591678848,61024363,2841.7018,7.05217712
1500591678848,61024363,2840.4704,0.0
1500591679120,61024364,2858.59,0.031
1500591679120,61024364,2858.38,0.0
1500591679120,61024365,2858.4889,0.25
1500591679120,61024366,2858.5091,0.02
1500591679155,61024367,2858.4992,0.20794097
1500591679155,61024367,2858.499,0.0
1500591679597,61024369,2858.4991,0.0
1500591679597,61024369,2858.5901,0.04867375
1500591679630,61024370,2858.4992,0.0
1500591679630,61024370,2858.5901,0.25661472
1500591681076,61024372,2856.2102,0.0
1500591681076,61024372,2858.5903,0.0763873
1500591681107,61024373,2858.5904,0.20794097
1500591681107,61024373,2858.5901,0.04867375
1500591681567,61024375,2858.5905,0.04867375
1500591681567,61024375,2858.5901,0.0
1500591682120,61024377,2858.5091,0.0
1500591683447,61024386,2854.0167,1.94430368
1500591683447,61024386,2857.6905,0.0
1500591683698,61024388,2865,0.05836998
1500591683721,61024389,2858.5906,0.20794097
1500591683721,61024389,2858.5904,0.0
1500591683756,61024390,2858.2802,0.03945411
1500591684496,61024396,2865.0001,0.04867375
1500591684496,61024396,2858.5905,0.0
1500591684528,61024397,2865.0001,0.25661472
1500591684528,61024397,2858.5906,0.0
1500591685193,61024401,2865,0.32772605
1500591685203,61024402,2865.1,0.031
1500591685203,61024402,2858.59,0.0
1500591685203,61024403,2865.0101,0.02
1500591685235,61024404,2865.0001,0.04867375
1500591685235,61024404,2865.0002,0.20794097
1500591685359,61024405,2857.6906,0.0
1500591685728,61024409,2854.0168,0.46413865
1500591686384,61024414,2858.4989,0.0
1500591686461,61024416,2854.02,1.0
1500591686490,61024417,2865.0001,0.0
1500591686490,61024417,2865.1001,0.04867375
1500591686531,61024419,2865.0002,0.0
1500591686531,61024419,2865.1001,0.25661472
1500591687054,61024421,2858.4889,0.0
1500591687569,61024425,2865,0.05836998
1500591688330,61024430,2865.0101,0.0
1500591688371,61024431,2865.0899,0.25
1500591688737,61024434,2865.1002,0.47264184
1500591688769,61024435,2865.1003,0.19476395
1500591688769,61024435,2865.1001,0.04867375
1500591689530,61024438,2865.1004,0.04867375
1500591689530,61024438,2865.1001,0.0
1500591690818,61024440,2858.2804,0.05484416
1500591690818,61024440,2857.9003,0.0
1500591691038,61024441,2865.1104,0.02
1500591691256,61024442,2865.1,0.0
1500591691256,61024442,2865.21,0.031
1500591691291,61024443,2865.1005,0.19476395
1500591691291,61024443,2865.1003,0.0
1500591691395,61024444,2865.1005,0.09776603
1500591691395,61024444,2865.21,0.0
1500591691395,61024444,2865.1104,0.0
1500591691619,61024445,2865.1004,0.0
1500591691619,61024445,2865.1006,0.04867375
1500591692587,61024447,2850.9702,0.0
1500591692587,61024447,2853.8487,8.20306635
1500591692849,61024448,2855.7902,0.0
1500591692849,61024448,2858.2804,0.21720052
1500591693187,61024449,2858.07,0.0
1500591695675,61024451,2853.4766,0.44133532
1500591695675,61024451,2858.2804,0.49072162
1500591695795,61024452,2857.3431,1.94204021
1500591695795,61024452,2854.0167,0.0
1500591695816,61024453,2854.02,0.0
1500591695816,61024454,2844.63,0.12
1500591696210,61024456,2854.0258,0.39216
1500591697184,61024460,2854.0258,0.0
1500591697282,61024461,2854.025,0.19155
1500591697610,61024462,2854.0168,0.0
1500591697769,61024463,2857.3432,0.4636002
1500591697871,61024464,2853.4766,0.0
1500591697871,61024464,2858.2804,0.9313152
1500591699221,61024466,2854.025,0.0
1500591699814,61024467,2865.1002,0.0
1500591699902,61024469,2853.8511,0.15406
1500591700089,61024470,2865.2,0.015
1500591700155,61024471,2853.8489,1.28696327
1500591700155,61024471,2842.6402,0.0
1500591700189,61024472,2865.1006,0.0
1500591700189,61024472,2865.2001,0.04867375
1500591700195,61024473,2853.8511,0.0
1500591700932,61024475,2853.8573,0.13205
1500591701295,61024476,2853.8573,0.0
1500591701444,61024477,2865.1007,0.47264176
1500591701483,61024478,2853.8557,0.13201
1500591701493,61024479,2865.1005,0.0
1500591701493,61024479,2865.1008,0.19476395
1500591701604,61024480,2853.859,0.86799
1500591702323,61024481,2836.9864,0.0
1500591702323,61024481,2842.6891,9.34589194
1500591702611,61024482,2853.8487,0.0
1500591702611,61024482,2851.4778,8.2098869
1500591702846,61024483,2858.2804,1.03970555
1500591702846,61024483,2857.6908,0.0
1500591703072,61024486,2865.0899,0.0
1500591704590,61024488,2865.19,0.25
1500591704622,61024489,2865.1008,0.0
1500591704622,61024489,2865.1901,0.19476395
1500591704685,61024490,2850,0.01257
1500591705535,61024491,2841.7018,4.91224027
1500591705535,61024491,2851.478,2.13260015
1500591707752,61024493,2841.7018,3.11080132
1500591707752,61024493,2853.8592,1.79376484
1500591709029,61024496,2844.63,0.0
1500591709850,61024498,2858.2804,1.4745978
1500591709850,61024498,2850.9704,0.0
1500591711267,61024501,2857.3432,0.0
1500591711457,61024502,2858.2805,0.46344655
1500591711526,61024503,2853.8557,0.0
1500591711593,61024504,2853.859,0.0
1500591711664,61024505,2853.8695,1.0
1500591712478,61024506,2841.7018,0.0
1500591712478,61024506,2850.0002,3.10174354
1500591713419,61024508,2857.3431,0.0
1500591713419,61024508,2854.2987,1.94411159
1500591713556,61024510,2865.1007,0.0
1500591713963,61024513,2839.4114,9.35668045
1500591713963,61024513,2842.6891,0.0
1500591715186,61024516,2865.2002,0.47262534
1500591715220,61024517,2865.2003,0.19476395
1500591715220,61024517,2865.1901,0.0
1500591715415,61024518,2858.5903,0.0
1500591715415,61024518,2858.2807,0.07639558
1500591715474,61024521,2865.2004,0.04867375
1500591715474,61024521,2865.2001,0.0
1500591717777,61024522,2865.2003,0.0
1500591717777,61024522,2865.2004,0.0
1500591717777,61024522,2865.2002,0.01606624
1500591718438,61024524,2865.1901,0.20090522
1500591721995,61024528,2842.4614,9.3466406
1500591721995,61024528,2839.4114,0.0
1500591722070,61024529,2853.8695,0.0
1500591722231,61024531,2854.3083,1.0
1500591723362,61024538,2854.2987,0.0
1500591723362,61024538,2850.8731,1.94644763
1500591724673,61024540,2865.2,0.0
1500591724673,61024540,2865.1901,0.03197148
1500591724673,61024540,2865.2002,0.0
1500591724714,61024541,2865.19,0.0819718
1500591724714,61024541,2865.1901,0.0
1500591724746,61024542,2865,0.0
1500591724746,61024542,2858.2807,0.01673772
1500591724746,61024542,2865.19,0.0
1500591724764,61024543,2858.2807,0.0
1500591724764,61024543,2858.2805,0.28018774
1500591724780,61024544,2858.2806,0.10733291
1500591724793,61024545,2858.2806,0.0
1500591724793,61024545,2858.2805,0.08752312
1500591724814,61024546,2858.2805,0.0
1500591724814,61024546,2858.2804,1.26212346
1500591724873,61024547,2858.2804,0.96212373
1500591726068,61024550,2842.4614,0.0
1500591726068,61024550,2840.4278,9.35333232
1500591726091,61024551,2841.8451,0.98954039
1500591728217,61024556,2841.96,0.12
1500591731214,61024559,2840.4278,0.0
1500591731214,61024559,2842.4625,9.34663699
1500591732382,61024563,2856.2162,1.94280643
1500591732382,61024563,2850.8731,0.0
1500591733418,61024567,2841.7016,0.0
1500591733530,61024568,2854.7095,8.20059282
1500591733530,61024568,2851.4778,0.0
1500591733675,61024569,2854.3083,0.0
1500591733701,61024570,2858.2703,0.25
1500591733808,61024571,2854.7184,1.0
1500591734175,61024572,2842.4625,0.0
1500591734175,61024572,2840.4302,9.35332441
1500591734699,61024575,2854.7186,1.28657119
1500591734699,61024575,2853.8489,0.0
1500591736330,61024582,2856.2162,0.0
1500591736330,61024582,2850.8944,1.94643309
1500591736584,61024583,2854.7095,0.0
1500591736584,61024583,2850.8461,8.21170607
1500591736864,61024584,2841.8451,0.0
1500591738374,61024589,2838.4898,0.64800018
1500591738375,61024590,2858.2804,0.9313152
1500591738376,61024591,2841.96,0.0
1500591739417,61024593,2715.672,0.9
1500591739417,61024593,2688.4969,0.0
1500591739470,61024594,2840.96,0.12
1500591739843,61024595,2850.8461,0.0
1500591739843,61024595,2846.1557,8.22523878
1500591740381,61024597,2856.095,1.94288887
1500591740381,61024597,2850.8944,0.0
1500591740859,61024598,2838.0075,21.75620125
1500591740859,61024600,2851.478,0.0
1500591740859,61024600,2850.8946,2.13303656
1500591740955,61024601,2834.9003,0.23643881
1500591741979,61024607,2842.5416,9.3463769
1500591741979,61024607,2840.4302,0.0
1500591742389,61024608,2850.8853,1.9464393
1500591742389,61024608,2856.095,0.0
1500591743107,61024611,2838.4898,0.0
1500591743108,61024612,2853.8592,0.0
1500591743108,61024612,2850.8855,1.79563588
1500591743533,61024614,2846.1557,0.0
1500591743533,61024614,2850.3344,8.21318026
1500591743598,61024615,2830.4816,0.0
1500591743811,61024619,2798.6898,0.95401865
1500591743869,61024621,2854.7184,0.0
1500591743968,61024622,2850.9009,1.0
1500591744722,61024624,2835.2034,0.51051586
1500591745333,61024626,2857.2993,1.94206998
1500591745333,61024626,2850.8853,0.0
1500591746159,61024632,2850.9009,0.0
1500591746665,61024635,2838.0075,0.0
1500591746665,61024635,2845.7311,21.69715273
1500591746667,61024636,2834.9003,0.0
1500591747776,61024639,2841.1274,0.33379662
1500591749415,61024641,2850.9492,1.94639567
1500591749415,61024641,2857.2993,0.0
1500591750667,61024649,2841.224,0.41167062
1500591752938,61024652,2835.2034,0.0
1500591753538,61024654,2858.4,0.01
1500591754600,61024660,2850.3344,0.0
1500591754600,61024660,2844.9518,8.22871946
1500591754617,61024661,2840.96,0.0
1500591754730,61024663,2840.1919,0.22789558
1500591755135,61024664,2858.2703,0.0
1500591755135,61024665,2842.5416,0.0
1500591755135,61024665,2840.4007,9.86008885
1500591755795,61024667,2850.9579,0.16758
1500591755795,61024669,2845.7311,0.0
1500591755795,61024669,2838.0075,21.75620125
1500591757043,61024673,2858.3899,0.25
1500591757348,61024678,2850.9579,0.0
1500591757348,61024679,2822.2308,0.03408652
1500591758614,61024686,2850.9492,0.0
1500591758614,61024686,2853.8716,1.94440254
1500591759328,61024688,2840.4007,0.0
1500591759328,61024688,2842.5416,9.85266259
1500591759653,61024691,2854.7235,0.28624
1500591759925,61024692,2838.0075,0.0
1500591759925,61024692,2845.7311,21.69715273
1500591760029,61024694,2854.7263,0.71376
1500591760784,61024696,2858.4002,0.05484187
1500591760784,61024696,2858.2804,0.87647104
1500591760786,61024697,2844.9518,0.0
1500591760786,61024697,2853.6967,8.20350328
1500591760895,61024698,2839.6975,0.17394617
1500591762680,61024705,2841.1274,0.0
1500591762680,61024706,2845.7311,0.0
1500591762680,61024706,2839.2816,21.74643836
1500591762777,61024707,2858.4002,0.21719142
1500591762777,61024707,2858.2804,0.71411468
1500591763001,61024709,2842.5416,0.0
1500591763001,61024709,2840.4007,9.86008885
1500591763556,61024711,2798.6898,0.0
1500591763724,61024713,2841.224,0.0
1500591763875,61024714,2832.2527,0.94271079
1500591764810,61024716,2851.2597,1.94618371
1500591764810,61024716,2853.8716,0.0
1500591765117,61024717,2840.1919,0.0
1500591765531,61024720,2853.6967,0.0
1500591765531,61024720,2845.538,8.22702429
1500591765665,61024721,2835.3118,0.25684931
1500591765706,61024723,2858.4002,0.49070106
1500591765706,61024723,2858.2804,0.44059358
1500591767975,61024737,2858.4002,0.93127618
1500591767975,61024737,2858.2804,0.0
1500591768378,61024740,2853.9082,1.9443776
1500591768378,61024740,2851.2597,0.0
1500591768838,61024742,2841.0273,21.73307603
1500591768838,61024742,2839.2816,0.0
1500591768838,61024743,2840.4247,0.94709396
1500591770163,61024749,2854.7265,1.28656763
1500591770163,61024749,2854.7186,0.0
1500591770257,61024750,2854.7235,0.0
1500591770335,61024751,2854.7263,0.0
1500591770697,61024753,2854.7354,1.0
1500591773530,61024758,2847.7057,8.2207618
1500591773530,61024758,2845.538,0.0
1500591773596,61024759,2854.7354,0.0
1500591773661,61024760,2854.7381,0.13555
1500591773673,61024761,2845.7311,22.1869271
