timestamp,id,price,q
1500591203565,33957156,227.70264196,0.0
1500591203565,33957156,227.39276583,0.750928
1500591203734,33957157,227.1602,0.0
1500591203734,33957157,227.1503,3.964288
1500591205654,33957162,227.1404,3.924645
1500591205654,33957162,227.1503,0.0
1500591207545,33957168,227.1404,0.0
1500591207545,33957168,227.1305,3.885398
1500591208116,33957169,227.45791376,1.910909
1500591208116,33957169,227.21959999,0.0
1500591208745,33957172,227.1305,0.0
1500591208745,33957172,227.1206,3.846544
1500591209965,33957176,227.1107,3.808078
1500591209965,33957176,227.1206,0.0
1500591210116,33957177,259.67,0.0
1500591210163,33957178,256.57,89.47
1500591212549,33957186,227.1008,3.769997
1500591212549,33957186,227.1107,0.0
1500591213697,33957189,227.1008,0.0
1500591213697,33957189,227.0909,3.732297
1500591215108,33957193,227.01649745,45.999148
1500591215108,33957193,227.26910072,0.0
1500591215278,33957194,227.0909,0.0
1500591215278,33957194,227.0065,12.0
1500591216514,33957199,227.0065,0.0
1500591216514,33957199,226.9966,11.88
1500591217694,33957203,226.9867,11.7612
1500591217694,33957203,226.9966,0.0
1500591218532,33957205,227.23828899,69.935681
1500591218532,33957205,227.45791377,0.0
1500591218533,33957206,227.26910067,0.0
1500591219412,33957209,227.39276582,4.472429
1500591219593,33957212,226.9768,11.643588
1500591219593,33957212,226.9867,0.0
1500591220676,33957215,226.9721,12.17889
1500591220693,33957216,226.9669,11.527152
1500591220693,33957216,226.9768,0.0
1500591222683,33957221,226.957,11.41188
1500591222683,33957221,226.9669,0.0
1500591222887,33957222,226.49999999,2.71955
1500591223098,33957224,226.9721,0.0
1500591223283,33957226,226.945,10.48271
1500591224688,33957232,226.9351,10.377882
1500591224688,33957232,226.957,0.0
1500591225141,33957234,227.45791376,0.0
1500591225141,33957234,227.99999998,1.910909
1500591226140,33957238,226.9252,10.274103
1500591226140,33957238,226.9351,0.0
1500591226807,33957241,226.945,0.0
1500591227283,33957245,226.9153,10.171361
1500591227283,33957245,226.9252,0.0
1500591227692,33957248,250.37,150.0
1500591227981,33957249,227.24898443,45.999148
1500591227981,33957249,227.01649745,0.0
1500591228717,33957252,226.9153,0.0
1500591228717,33957252,226.9054,10.069647
1500591228804,33957253,258.23,109.83
1500591229934,33957257,226.9054,0.0
1500591229934,33957257,226.8955,9.96895
1500591231159,33957263,226.5,18.622015
1500591231331,33957264,226.8856,9.86926
1500591231331,33957264,226.8955,0.0
1500591232635,33957269,226.8757,9.770567
1500591232635,33957269,226.8856,0.0
1500591234270,33957272,226.5,3.8
1500591234442,33957273,226.8658,9.672861
1500591234442,33957273,226.8757,0.0
1500591235575,33957279,227.39276583,0.0
1500591235575,33957279,227.07070334,0.750928
1500591235669,33957280,227.23368899,5.74278
1500591235745,33957281,226.8559,9.576132
1500591235745,33957281,226.8658,0.0
1500591237667,33957286,226.8559,0.0
1500591237667,33957286,226.846,9.48037
1500591238140,33957287,227.39276582,0.0
1500591238364,33957289,227.23368899,0.0
1500591238855,33957292,227.23368898,4.472429
1500591239024,33957293,226.846,0.0
1500591239024,33957293,226.8361,9.385566
1500591239353,33957294,227.22588898,2.37251
1500591240695,33957301,226.8262,9.29171
1500591240695,33957301,226.8361,0.0
1500591241583,33957306,227.54336192,0.750928
1500591241583,33957306,227.07070334,0.0
1500591242257,33957307,227.54336191,1.910909
1500591242257,33957307,227.99999998,0.0
1500591242428,33957308,226.8163,9.198792
1500591242428,33957308,226.8262,0.0
1500591243609,33957313,226.8163,0.0
1500591243609,33957313,226.8064,9.106804
1500591244779,33957318,226.8064,0.0
1500591244779,33957318,226.7965,9.015735
1500591245553,33957320,227.20665161,0.750928
1500591245553,33957320,227.54336192,0.0
1500591245649,33957322,227.20435161,1.81653
1500591246518,33957326,226.7866,8.925577
1500591246518,33957326,226.7965,0.0
1500591246814,33957327,227.20205161,5.37941
1500591247077,33957328,227.24898443,0.0
1500591247077,33957328,227.03046504,45.999148
1500591247385,33957330,227.19615161,16.43154
1500591247690,33957333,226.7866,0.0
1500591247690,33957333,226.7767,8.836321
1500591247783,33957334,227.19615161,0.0
1500591248157,33957335,227.18965161,11.06206
1500591248749,33957336,227.20665161,0.0
1500591248749,33957336,227.38870661,0.750928
1500591248920,33957337,226.7767,0.0
1500591248920,33957337,226.7668,8.747957
1500591249055,33957338,227.18965161,0.0
1500591250182,33957345,226.7569,8.660477
1500591250182,33957345,226.7668,0.0
1500591250292,33957346,227.22588898,0.0
1500591250361,33957347,227.20435161,0.0
1500591250426,33957348,227.20205161,0.0
1500591250978,33957351,227.23453143,45.999148
1500591250978,33957351,227.03046504,0.0
1500591251675,33957354,226.747,8.573872
1500591251675,33957354,226.7569,0.0
1500591253139,33957360,227.22488898,16.32791
1500591253231,33957361,226.747,0.0
1500591253231,33957361,226.7371,8.488133
1500591253605,33957366,226.93697891,0.750928
1500591253605,33957366,227.38870661,0.0
1500591254567,33957373,226.7371,0.0
1500591254567,33957373,226.7272,8.403251
1500591255353,33957375,226.49999799,0.1
1500591255819,33957380,226.7272,0.0
1500591255819,33957380,226.7173,8.319218
1500591256816,33957384,227.22488898,0.0
1500591256998,33957386,226.7074,8.236024
1500591256998,33957386,226.7173,0.0
1500591257221,33957387,227.22918898,8.53763
1500591258120,33957392,227.23368898,0.0
1500591258292,33957393,226.6975,8.153663
1500591258292,33957393,226.7074,0.0
1500591258541,33957394,227.22918897,4.472429
1500591259637,33957401,226.6975,0.0
1500591259637,33957401,226.6876,8.072126
1500591259684,33957403,227.22128897,4.48872
1500591259870,33957405,227.99999998,1.910909
1500591259870,33957405,227.54336191,0.0
1500591261498,33957409,227.22918898,0.0
1500591261506,33957410,226.6876,0.0
1500591261506,33957410,226.6777,7.991404
1500591262665,33957416,226.6678,7.911489
1500591262665,33957416,226.6777,0.0
1500591263917,33957423,226.6678,0.0
1500591263917,33957423,226.6579,7.832374
1500591265599,33957426,226.6579,0.0
1500591265599,33957426,226.648,7.75405
1500591265693,33957428,227.22128897,0.0
1500591267591,33957434,226.648,0.0
1500591267591,33957434,226.6381,7.676509
1500591268009,33957436,226.49999799,0.0
1500591269018,33957437,226.49999599,0.1
1500591269188,33957438,226.6381,0.0
1500591269188,33957438,226.6282,7.599743
1500591270364,33957444,226.6183,7.523745
1500591270364,33957444,226.6282,0.0
1500591271024,33957449,227.00817969,45.793417
1500591271024,33957449,227.23453143,0.0
1500591271656,33957452,226.6084,7.448507
1500591271656,33957452,226.6183,0.0
1500591272766,33957461,226.6084,0.0
1500591272766,33957461,226.5985,7.374021
1500591274007,33957468,226.5985,0.0
1500591274007,33957468,226.5886,7.30028
1500591275630,33957475,226.5787,7.227277
1500591275630,33957475,226.5886,0.0
1500591276542,33957481,227.23161398,0.750928
1500591276542,33957481,226.93697891,0.0
1500591276994,33957484,226.5688,7.155004
1500591276994,33957484,226.5787,0.0
1500591277456,33957485,227.66398975,67.237771
1500591277456,33957485,227.23828899,0.0
1500591277480,33957488,227.22918897,0.0
1500591277543,33957489,227.99999998,1.910909
1500591277821,33957492,227.23828898,4.472429
1500591278752,33957495,226.5688,0.0
1500591278752,33957495,226.5589,7.083453
1500591279859,33957502,226.5589,0.0
1500591279859,33957502,226.549,7.012618
1500591280681,33957506,227.65838975,2.32894
1500591281701,33957510,226.549,0.0
1500591281701,33957510,226.5391,6.942491
1500591282826,33957518,226.5292,6.873066
1500591282826,33957518,226.5391,0.0
1500591282977,33957521,227.65838975,0.0
1500591283231,33957522,226.49999599,0.0
1500591283231,33957522,226.5,1.770906
1500591283231,33957522,226.49999999,0.0
1500591284356,33957525,226.49999999,2.959754
1500591284523,33957526,226.5292,0.0
1500591284523,33957526,226.5193,6.804335
1500591284549,33957528,227.65758975,11.246
1500591285726,33957532,226.5193,0.0
1500591285726,33957532,226.5094,6.736291
1500591286633,33957537,227.65758975,0.0
1500591286815,33957538,227.65468975,12.45098
1500591286998,33957541,226.5094,0.0
1500591286998,33957541,226.9982,12.0
1500591288099,33957544,226.9982,0.0
1500591288099,33957544,226.9883,11.88
1500591288324,33957546,227.65468975,0.0
1500591288541,33957547,226.9784,9.7948
1500591289045,33957551,226.9784,0.0
1500591289208,33957552,226.982,3.66738
1500591289222,33957553,226.9883,0.0
1500591289222,33957553,226.9784,11.7612
1500591289379,33957554,226.9853,5.15281
1500591289590,33957559,226.87673676,0.750928
1500591289590,33957559,227.23161398,0.0
1500591290347,33957561,227.66398975,0.0
1500591290347,33957561,227.08024722,68.586726
1500591290517,33957562,226.9685,11.643588
1500591290517,33957562,226.9784,0.0
1500591290623,33957563,226.982,0.0
1500591290836,33957564,226.9853,0.0
1500591291707,33957568,226.9685,0.0
1500591291707,33957568,226.9586,11.527152
1500591292857,33957577,226.9487,11.41188
1500591292857,33957577,226.9586,0.0
1500591292966,33957579,227.00817969,0.0
1500591292966,33957579,226.6865413,45.793518
1500591294591,33957582,226.6766,12.0
1500591294591,33957582,226.9487,0.0
1500591294627,33957584,227.99999998,1.910909
1500591296334,33957589,226.674,25.99999
1500591296362,33957590,226.6766,0.0
1500591296362,33957590,226.6667,11.88
1500591296815,33957595,227.23828898,0.0
1500591297221,33957596,226.477996,45.793518
1500591297221,33957596,226.6865413,0.0
1500591297235,33957597,226.47799599,2.959754
1500591297235,33957597,226.49999999,0.0
1500591297742,33957599,226.6568,11.7612
1500591297742,33957599,226.6667,0.0
1500591298963,33957604,226.6568,0.0
1500591298963,33957604,226.6469,11.643588
1500591300544,33957608,226.637,11.527152
1500591300544,33957608,226.6469,0.0
1500591301376,33957611,227.64184742,49.643533
1500591301376,33957611,227.08024722,0.0
1500591302532,33957615,226.6271,11.41188
1500591302532,33957615,226.637,0.0
1500591304184,33957620,226.6172,11.297761
1500591304184,33957620,226.6271,0.0
1500591304618,33957626,226.87673676,0.0
1500591305671,33957629,226.6073,11.184783
1500591305671,33957629,226.6172,0.0
1500591306813,33957635,226.674,0.0
1500591306984,33957636,226.6073,0.0
1500591306984,33957636,226.5974,11.072935
1500591307190,33957638,226.46939599,25.99999
1500591307201,33957639,226.46939598,2.959754
1500591307201,33957639,226.47799599,0.0
1500591308540,33957646,226.5875,10.962205
1500591308540,33957646,226.5974,0.0
1500591309522,33957651,227.64184742,0.0
1500591309522,33957651,227.88179855,59.11513
1500591309563,33957652,227.37896978,0.377341
1500591309714,33957653,226.5875,0.0
1500591309714,33957653,226.5776,10.852582
1500591311444,33957661,227.88179854,1.910909
1500591311444,33957661,227.99999998,0.0
1500591311615,33957662,226.5776,0.0
1500591311615,33957662,226.5677,10.744056
1500591312810,33957666,226.5677,0.0
1500591312810,33957666,226.5578,10.636615
1500591314668,33957671,226.5479,10.530248
1500591314668,33957671,226.5578,0.0
1500591316130,33957676,226.538,10.424945
1500591316130,33957676,226.5479,0.0
1500591317668,33957685,226.46939599,0.0
1500591317706,33957686,226.538,0.0
1500591317706,33957686,227.8718,12.0
1500591317789,33957688,226.45789598,25.99999
1500591317801,33957689,226.46939598,0.0
1500591317801,33957689,226.45789597,2.959754
1500591318895,33957694,227.8619,11.88
1500591318895,33957694,227.8718,0.0
1500591320529,33957700,227.852,11.7612
1500591320529,33957700,227.8619,0.0
1500591320529,33957701,227.88179855,0.0
1500591320529,33957701,228.06440768,59.11513
1500591321636,33957705,227.852,0.0
1500591321636,33957705,227.8421,11.643588
1500591322806,33957713,227.8421,0.0
1500591322806,33957713,227.8322,11.527152
1500591323331,33957714,227.84822935,59.11513
1500591323331,33957714,228.06440768,0.0
1500591324800,33957719,227.8223,11.41188
1500591324800,33957719,227.8322,0.0
1500591326007,33957726,226.477996,0.0
1500591326007,33957726,226.28118872,45.793518
1500591326017,33957727,226.28118871,2.959754
1500591326017,33957727,226.45789597,0.0
1500591326054,33957728,227.8124,11.297761
1500591326054,33957728,227.8223,0.0
1500591327372,33957731,227.56148915,59.11513
1500591327372,33957731,227.84822935,0.0
1500591327539,33957734,227.8025,11.184783
1500591327539,33957734,227.8124,0.0
1500591327813,33957736,226.45789598,0.0
1500591327903,33957737,227.55728915,25.99999
1500591328567,33957739,227.88179854,0.0
1500591328567,33957739,227.55728914,1.910909
1500591328738,33957741,227.8025,0.0
1500591328738,33957741,227.5473,12.0
1500591329683,33957745,227.37896978,0.0
1500591329683,33957745,227.17939725,0.377341
1500591329852,33957747,227.5473,0.0
1500591329852,33957747,227.5374,11.88
1500591331510,33957751,227.5374,0.0
1500591331510,33957751,227.5275,11.7612
1500591332785,33957755,227.5176,11.643588
1500591332785,33957755,227.5275,0.0
1500591333668,33957760,227.55728913,4.472429
1500591333957,33957762,227.5176,0.0
1500591333957,33957762,227.5077,11.527152
1500591334339,33957763,227.56148915,0.0
1500591334339,33957763,227.31321058,59.11513
1500591335599,33957767,227.3033,12.0
1500591335599,33957767,227.5077,0.0
1500591336818,33957771,227.2934,11.88
1500591336818,33957771,227.3033,0.0
1500591337562,33957774,226.98879169,0.377341
1500591337562,33957774,227.17939725,0.0
1500591337956,33957777,227.55728915,0.0
1500591338026,33957778,227.2934,0.0
1500591338026,33957778,227.2835,11.7612
1500591338027,33957779,227.2883,25.99999
1500591339581,33957786,227.2835,0.0
1500591339581,33957786,227.2736,11.643588
1500591340793,33957791,227.2736,0.0
1500591340793,33957791,227.2637,11.527152
1500591341910,33957796,227.2637,0.0
1500591341910,33957796,227.2538,11.41188
1500591343430,33957802,227.2538,0.0
1500591343430,33957802,227.2439,11.297761
1500591343561,33957804,226.80229149,0.377341
1500591343561,33957804,226.98879169,0.0
1500591344616,33957808,227.2439,0.0
1500591344616,33957808,227.234,11.184783
1500591344964,33957809,226.0499474,45.793518
1500591344964,33957809,226.28118872,0.0
1500591344973,33957810,226.04994739,2.959754
1500591344973,33957810,226.28118871,0.0
1500591345525,33957813,226.81057469,59.11513
1500591345525,33957813,227.31321058,0.0
1500591345714,33957815,227.234,0.0
1500591345714,33957815,226.8006,12.0
1500591346129,33957818,227.55728914,0.0
1500591346129,33957818,227.55728912,1.910909
1500591346614,33957820,226.04994739,2.305917
1500591347535,33957822,226.8006,0.0
1500591347535,33957822,226.7907,11.88
1500591348112,33957824,238.4915,0.0
1500591348112,33957824,235.9927,1.271225
1500591348112,33957825,238.9621,0.0
1500591348112,33957825,236.0504,3.389106
1500591348112,33957826,238.9626,0.0
1500591348112,33957826,236.0967,5.082663
1500591348902,33957834,227.2883,0.0
1500591348912,33957835,226.7808,11.7612
1500591348912,33957835,226.7907,0.0
1500591349025,33957836,226.7863,25.99999
1500591349417,33957837,226.81057469,0.0
1500591349417,33957837,227.25901708,59.11513
1500591350403,33957839,226.04994739,0.0
1500591350403,33957839,226.0499474,43.781176
1500591350437,33957841,226.04994739,2.986025
1500591350573,33957842,226.7709,11.643588
1500591350573,33957842,226.7808,0.0
1500591351394,33957844,226.8085891,59.11513
1500591351394,33957844,227.25901708,0.0
1500591352987,33957846,227.55728913,0.0
1500591353156,33957847,226.7709,0.0
1500591353156,33957847,226.761,11.527152
1500591354358,33957850,226.04994738,0.615789
1500591354365,33957851,226.04994739,0.0
1500591354365,33957851,226.04994737,2.986761
1500591354525,33957852,226.761,0.0
1500591354525,33957852,226.7511,11.41188
1500591354563,33957853,226.80229149,0.0
1500591354563,33957853,226.5797088,0.377341
1500591354577,33957854,226.04994736,0.615789
1500591354577,33957854,226.04994738,0.0
1500591354600,33957855,226.04994735,2.986761
1500591354600,33957855,226.04994737,0.0
1500591354784,33957856,226.04994734,0.615789
1500591354784,33957856,226.04994736,0.0
1500591354825,33957857,226.04994733,2.986761
1500591354825,33957857,226.04994735,0.0
1500591354983,33957858,226.04994732,0.615789
1500591354983,33957858,226.04994734,0.0
1500591354996,33957859,226.04994733,0.0
1500591354996,33957859,226.04994731,2.986761
1500591355508,33957861,226.0499473,0.615789
1500591355508,33957861,226.04994732,0.0
1500591355526,33957862,226.04994731,0.0
1500591355526,33957862,226.04994729,2.986761
1500591355734,33957863,226.7412,11.297761
1500591355734,33957863,226.7511,0.0
1500591356495,33957865,226.04994728,0.615789
1500591356495,33957865,226.0499473,0.0
1500591356554,33957866,226.04994727,2.986761
1500591356554,33957866,226.04994729,0.0
1500591357008,33957868,226.7412,0.0
1500591357008,33957868,226.7313,11.184783
1500591357506,33957869,226.04994728,0.0
1500591357506,33957869,226.04994726,0.615789
1500591357525,33957870,226.04994725,2.986761
1500591357525,33957870,226.04994727,0.0
1500591358544,33957872,226.04994726,0.0
1500591358544,33957872,226.04994724,0.615789
1500591358558,33957873,226.04994725,0.0
1500591358558,33957873,226.04994723,2.986761
1500591358714,33957874,226.7214,11.072935
1500591358714,33957874,226.7313,0.0
1500591358852,33957875,226.18981239,0.377341
1500591358852,33957875,226.5797088,0.0
1500591359521,33957879,226.04994724,0.0
1500591359521,33957879,226.04994722,0.615789
1500591359545,33957880,226.04994723,0.0
1500591359545,33957880,226.04994721,2.986761
1500591359963,33957881,226.0499474,0.0
1500591360134,33957882,226.7214,0.0
1500591360134,33957882,226.7115,10.962205
1500591360437,33957883,226.0499472,0.615789
1500591360437,33957883,226.04994722,0.0
1500591360447,33957884,226.04994721,0.0
1500591360447,33957884,226.04994719,2.986761
1500591361264,33957887,226.7016,10.852582
1500591361264,33957887,226.7115,0.0
1500591361482,33957889,226.04994718,0.615789
1500591361482,33957889,226.0499472,0.0
1500591361491,33957890,226.04994719,0.0
1500591361491,33957890,226.04994717,2.986761
1500591362374,33957892,227.28523075,59.11513
1500591362374,33957892,226.8085891,0.0
1500591362529,33957893,226.7863,0.0
1500591362530,33957894,226.04994716,0.615789
1500591362530,33957894,226.04994718,0.0
1500591362546,33957895,226.04994715,2.986761
1500591362546,33957895,226.04994717,0.0
1500591362546,33957896,226.7016,0.0
1500591362546,33957896,226.6917,10.744056
1500591362793,33957897,227.17124199,0.377341
1500591362793,33957897,226.18981239,0.0
1500591362933,33957899,227.27463075,25.99999
1500591363478,33957900,226.04994716,0.0
1500591363478,33957900,226.04994714,0.615789
1500591363489,33957901,226.04994713,2.928111
1500591363489,33957901,226.04994715,0.0
1500591363652,33957902,226.6917,0.0
1500591363652,33957902,226.6818,10.636615
1500591364248,33957903,227.55728912,0.0
1500591364248,33957903,227.99999998,1.910909
1500591364515,33957905,226.04994714,0.0
1500591364515,33957905,226.04994712,0.615789
1500591364527,33957906,226.04994713,0.0
1500591364527,33957906,226.04994711,2.928111
1500591365048,33957909,226.6818,0.0
1500591365048,33957909,226.6719,10.530248
1500591365414,33957910,226.5,0.0
1500591365439,33957911,226.04994712,0.0
1500591365439,33957911,226.0499471,0.615789
1500591365458,33957912,226.04994709,2.928111
1500591365458,33957912,226.04994711,0.0
1500591366485,33957913,226.04994708,0.615789
1500591366485,33957913,226.0499471,0.0
1500591366500,33957914,226.04994707,2.928111
1500591366500,33957914,226.04994709,0.0
1500591366683,33957916,226.662,10.424945
1500591366683,33957916,226.6719,0.0
1500591367529,33957917,226.04994706,0.615789
1500591367529,33957917,226.04994708,0.0
1500591367541,33957918,226.04994705,2.928111
1500591367541,33957918,226.04994707,0.0
1500591367999,33957919,226.07701504,43.791238
1500591368179,33957922,226.6521,10.320695
1500591368179,33957922,226.662,0.0
1500591368544,33957923,226.04994704,0.615789
1500591368544,33957923,226.04994706,0.0
1500591368564,33957924,226.04994703,2.928111
1500591368564,33957924,226.04994705,0.0
1500591369517,33957926,226.04994704,0.0
1500591369517,33957926,226.04994702,0.615789
1500591369528,33957928,226.04994703,0.0
1500591369528,33957928,226.04994701,2.928111
1500591369566,33957929,226.6521,0.0
1500591369566,33957929,226.6422,10.217488
1500591370456,33957930,226.049947,0.615789
1500591370456,33957930,226.04994702,0.0
1500591370465,33957931,226.04994701,0.0
1500591370465,33957931,226.04994699,2.928111
1500591370705,33957933,226.0499471,1.770906
1500591370705,33957934,226.6422,0.0
1500591370705,33957934,226.6323,10.115313
1500591371507,33957935,226.049947,0.0
1500591371507,33957935,226.04994698,0.615789
1500591371510,33957936,227.27463074,4.472429
1500591371516,33957937,226.04994699,0.0
1500591371516,33957937,226.04994697,2.928111
1500591371583,33957939,227.17124199,0.0
1500591371583,33957939,226.79679241,0.377341
1500591371871,33957942,226.6224,10.014159
1500591371871,33957942,226.6323,0.0
1500591372448,33957943,226.04994698,0.0
1500591372448,33957943,226.04994696,0.615789
1500591372460,33957944,226.04994697,0.0
1500591372460,33957944,226.04994695,2.928111
1500591372921,33957946,227.27463075,0.0
1500591373023,33957947,227.26843074,25.99999
1500591373092,33957948,226.6125,9.914017
1500591373092,33957948,226.6224,0.0
1500591373346,33957949,227.83184101,59.11513
1500591373346,33957949,227.28523075,0.0
1500591373491,33957950,226.04994696,0.0
1500591373491,33957950,226.04994694,0.615789
1500591373505,33957951,226.04994695,0.0
1500591373505,33957951,226.04994693,2.928111
1500591374360,33957953,226.6125,0.0
1500591374360,33957953,226.6026,9.814876
1500591375363,33957954,226.04994692,0.615789
1500591375363,33957954,226.04994694,0.0
1500591375376,33957955,226.04994693,0.0
1500591375376,33957955,226.04994691,2.928111
1500591375534,33957956,226.6026,0.0
1500591375534,33957956,226.5927,9.716727
1500591376538,33957958,226.79679241,0.0
1500591376538,33957958,226.58718495,0.377341
1500591376832,33957960,226.5828,9.619559
1500591376832,33957960,226.5927,0.0
1500591377350,33957961,226.04994692,0.0
1500591377350,33957961,226.0499469,0.615789
1500591377361,33957962,226.04994691,0.0
1500591377361,33957962,226.04994689,2.928111
1500591378554,33957964,226.04994688,0.615789
1500591378554,33957964,226.0499469,0.0
1500591378652,33957965,226.04994689,0.0
1500591378652,33957965,226.04994687,2.928111
1500591378730,33957966,226.5828,0.0
1500591378730,33957966,226.5729,9.523363
1500591379446,33957967,226.04994688,0.0
1500591379446,33957967,226.04994686,0.615789
1500591379460,33957968,226.04994685,2.928111
1500591379460,33957968,226.04994687,0.0
1500591380971,33957970,226.80242391,0.377341
1500591380971,33957970,226.58718495,0.0
1500591381141,33957971,226.563,9.428129
1500591381141,33957971,226.5729,0.0
1500591381338,33957972,226.04994684,0.615789
1500591381338,33957972,226.04994686,0.0
1500591381349,33957973,226.04994685,0.0
1500591381349,33957973,226.04994683,2.928111
1500591382698,33957976,227.831841,1.910909
1500591382698,33957976,227.99999998,0.0
1500591382871,33957978,226.5531,9.333847
1500591382871,33957978,226.563,0.0
1500591383430,33957979,226.04994682,0.615789
1500591383430,33957979,226.04994684,0.0
1500591383445,33957980,226.04994683,0.0
1500591383445,33957980,226.04994681,2.928111
1500591383541,33957981,227.26843074,0.0
1500591383750,33957983,227.824941,25.99999
1500591384473,33957984,226.04994682,0.0
1500591384473,33957984,226.0499468,0.615789
1500591384488,33957985,226.04994681,0.0
1500591384488,33957985,226.04994679,2.928111
1500591384643,33957986,226.5432,9.240508
1500591384643,33957986,226.5531,0.0
1500591385519,33957987,226.04994678,0.615789
1500591385519,33957987,226.0499468,0.0
1500591385537,33957988,226.04994679,0.0
1500591385537,33957988,226.04994677,2.928111
1500591386473,33957990,226.04994678,0.0
1500591386473,33957990,226.04994676,0.615789
1500591386484,33957991,226.04994675,2.928111
1500591386484,33957991,226.04994677,0.0
1500591386525,33957992,226.5432,0.0
1500591386525,33957992,226.5333,9.148102
1500591387334,33957994,227.40240531,59.11513
1500591387334,33957994,227.83184101,0.0
1500591387510,33957995,226.04994676,0.0
1500591387510,33957995,226.04994674,0.615789
1500591387519,33957996,226.04994673,2.928111
1500591387519,33957996,226.04994675,0.0
1500591387679,33957997,226.5234,9.05662
1500591387679,33957997,226.5333,0.0
1500591388555,33957998,226.04994672,0.615789
1500591388555,33957998,226.04994674,0.0
1500591388576,33957999,226.04994673,0.0
1500591388576,33957999,226.04994671,2.928111
1500591389763,33958001,226.5234,0.0
1500591389763,33958001,226.5135,8.966053
1500591390496,33958003,226.04994672,0.0
1500591390496,33958003,226.0499467,0.615789
1500591390510,33958004,226.04994671,0.0
1500591390510,33958004,226.04994669,2.928111
1500591390666,33958006,227.27463074,0.0
1500591391148,33958007,226.07701504,0.0
1500591391148,33958007,226.31728934,44.792378
1500591391149,33958008,227.4024053,4.472429
1500591391318,33958009,226.5135,0.0
1500591391318,33958009,226.5036,8.876392
1500591391805,33958011,226.80242391,0.0
1500591391805,33958011,227.25850273,0.377341
1500591392386,33958012,227.8673598,59.11513
1500591392386,33958012,227.40240531,0.0
1500591392422,33958013,226.04994668,0.615789
1500591392422,33958013,226.0499467,0.0
1500591392432,33958014,226.04994667,2.928111
1500591392432,33958014,226.04994669,0.0
1500591392556,33958015,227.3925,4.427704
1500591392556,33958015,226.5036,0.0
1500591393465,33958016,226.04994666,0.615789
1500591393465,33958016,226.04994668,0.0
1500591393477,33958017,226.04994667,0.0
1500591393477,33958017,226.04994665,3.060743
1500591394326,33958019,227.3826,4.383426
1500591394326,33958019,227.3925,0.0
1500591394512,33958020,226.04994664,0.615789
1500591394512,33958020,226.04994666,0.0
1500591394520,33958021,226.04994665,0.0
1500591394520,33958021,226.04994663,3.060743
1500591395452,33958023,226.04994662,0.615789
1500591395452,33958023,226.04994664,0.0
1500591395475,33958024,226.04994661,3.060743
1500591395475,33958024,226.04994663,0.0
1500591395622,33958025,227.3727,4.339591
1500591395622,33958025,227.3826,0.0
1500591396000,33958026,226.53886739,44.792378
1500591396000,33958026,226.31728934,0.0
1500591396500,33958027,226.0499466,0.615789
1500591396500,33958027,226.04994662,0.0
1500591396512,33958028,226.04994659,3.060743
1500591396512,33958028,226.04994661,0.0
1500591397553,33958030,226.0499466,0.0
1500591397553,33958030,226.04994658,0.615789
1500591397577,33958031,226.04994657,3.060743
1500591397577,33958031,226.04994659,0.0
1500591397673,33958032,226.5289,12.0
1500591397673,33958032,227.3727,0.0
1500591397767,33958033,227.824941,0.0
1500591397839,33958034,226.5243,25.99999
1500591398556,33958035,226.04994658,0.0
1500591398556,33958035,226.04994656,0.615789
1500591398568,33958036,226.04994657,0.0
1500591398568,33958036,226.04994655,3.060743
1500591399115,33958038,226.5144,12.0
1500591399115,33958038,226.5289,0.0
1500591399486,33958039,227.86735979,1.910909
1500591399486,33958039,227.831841,0.0
1500591399531,33958040,226.95071011,0.377341
1500591399531,33958040,227.25850273,0.0
1500591400368,33958041,226.04994656,0.0
1500591400368,33958041,226.04994654,0.615789
1500591400378,33958042,226.04994655,0.0
1500591400378,33958042,226.04994653,3.060743
1500591400537,33958043,226.5144,0.0
1500591400537,33958043,226.5045,11.88
1500591402169,33958045,226.5144,12.0
1500591402169,33958045,226.5045,0.0
1500591402357,33958046,226.04994652,0.615789
1500591402357,33958046,226.04994654,0.0
1500591402368,33958047,226.04994651,3.060743
1500591402368,33958047,226.04994653,0.0
1500591403503,33958051,226.04994652,0.0
1500591403503,33958051,226.0499465,0.615789
1500591403517,33958052,226.04994651,0.0
1500591403517,33958052,226.04994649,3.060743
1500591403566,33958053,226.74521273,0.377341
1500591403566,33958053,226.95071011,0.0
1500591403668,33958054,226.5144,0.0
1500591403668,33958054,226.5045,11.88
1500591404346,33958055,227.30850215,59.11513
1500591404346,33958055,227.8673598,0.0
1500591405401,33958056,226.0499465,0.0
1500591405401,33958056,226.04994648,0.615789
1500591405411,33958057,226.04994649,0.0
1500591405411,33958057,226.04994647,3.060743
1500591405578,33958058,226.5144,12.0
1500591405578,33958058,226.5045,0.0
1500591407398,33958059,226.04994646,0.615789
1500591407398,33958059,226.04994648,0.0
1500591407408,33958060,226.04994645,3.060743
1500591407408,33958060,226.04994647,0.0
1500591407626,33958061,226.5144,0.0
1500591407626,33958061,226.5045,11.88
1500591409383,33958062,226.04994646,0.0
1500591409383,33958062,226.04994644,0.615789
1500591409406,33958063,226.04994643,3.060743
1500591409406,33958063,226.04994645,0.0
1500591409494,33958064,226.5243,0.0
1500591409559,33958065,226.5144,12.0
1500591409559,33958065,226.5045,0.0
1500591409567,33958066,226.4978,25.99999
1500591409736,33958067,227.4024053,0.0
1500591411371,33958068,226.04994644,0.0
1500591411371,33958068,226.04994642,0.615789
1500591411385,33958069,226.04994643,0.0
1500591411385,33958069,226.04994641,3.060743
1500591411541,33958070,226.5144,0.0
1500591411541,33958070,226.5045,11.88
1500591412519,33958071,226.04994642,0.0
1500591412519,33958071,226.0499464,0.615789
1500591412533,33958072,226.04994639,3.060743
1500591412533,33958072,226.04994641,0.0
1500591412720,33958073,226.5289,12.0
1500591412720,33958073,226.5045,0.0
1500591414332,33958075,227.30850215,0.0
1500591414332,33958075,227.12033145,59.11513
1500591414411,33958076,226.0499464,0.0
1500591414411,33958076,226.04994638,0.615789
1500591414420,33958077,226.04994637,3.060743
1500591414420,33958077,226.04994639,0.0
1500591414501,33958078,226.519,11.88
1500591414501,33958078,226.5289,0.0
1500591416015,33958079,227.99999998,1.910909
1500591416015,33958079,227.86735979,0.0
1500591416184,33958080,226.5091,11.7612
1500591416184,33958080,226.519,0.0
1500591416398,33958081,226.04994636,0.615789
1500591416398,33958081,226.04994638,0.0
1500591416408,33958082,226.04994637,0.0
1500591416408,33958082,226.04994635,3.060743
1500591417731,33958084,226.5289,12.0
1500591417731,33958084,226.5091,0.0
1500591418388,33958085,226.04994636,0.0
1500591418388,33958085,226.04994634,0.615789
1500591418399,33958086,226.04994635,0.0
1500591418399,33958086,226.04994633,3.060743
1500591420117,33958088,226.519,11.88
1500591420117,33958088,226.5289,0.0
1500591420358,33958089,226.04994634,0.0
1500591420358,33958089,226.04994632,0.615789
1500591420371,33958090,226.04994631,3.060743
1500591420371,33958090,226.04994633,0.0
1500591420820,33958091,226.74521273,0.0
1500591420820,33958091,226.56154078,0.377341
1500591421524,33958092,226.0499463,0.615789
1500591421524,33958092,226.04994632,0.0
1500591421533,33958093,226.04994631,0.0
1500591421533,33958093,226.04994629,3.060743
1500591421694,33958094,226.5091,11.7612
1500591421694,33958094,226.519,0.0
1500591423145,33958096,226.5289,12.0
1500591423145,33958096,226.5091,0.0
1500591423396,33958097,226.0499463,0.0
1500591423396,33958097,226.04994628,0.615789
1500591423410,33958098,226.04994627,3.060743
1500591423410,33958098,226.04994629,0.0
1500591425283,33958100,226.519,11.88
1500591425283,33958100,226.5289,0.0
1500591425445,33958101,226.04994626,0.615789
1500591425445,33958101,226.04994628,0.0
1500591425459,33958102,226.04994625,3.132577
1500591425459,33958102,226.04994627,0.0
1500591426211,33958103,226.53886739,0.0
1500591426211,33958103,226.3475657,44.792378
1500591426356,33958104,226.4978,0.0
1500591426408,33958105,226.5091,11.7612
1500591426408,33958105,226.519,0.0
1500591426423,33958106,227.11643145,25.99999
1500591427382,33958107,226.04994624,0.615789
1500591427382,33958107,226.04994626,0.0
1500591427391,33958108,226.04994623,3.132577
1500591427391,33958108,226.04994625,0.0
1500591427555,33958109,227.1065,12.0
1500591427555,33958109,226.5091,0.0
1500591428887,33958111,259.71,0.0
1500591428988,33958112,256.39,0.0
1500591429065,33958113,227.0966,11.88
1500591429065,33958113,227.1065,0.0
1500591429377,33958114,227.12033145,0.0
1500591429377,33958114,226.89671488,59.11513
1500591429377,33958115,226.04994624,0.0
1500591429377,33958115,226.04994622,0.615789
1500591429388,33958116,226.04994623,0.0
1500591429388,33958116,226.04994621,3.132577
1500591430777,33958118,226.8868,12.0
1500591430777,33958118,227.0966,0.0
1500591431341,33958119,226.04994622,0.0
1500591431341,33958119,226.0499462,0.615789
1500591431353,33958120,226.04994619,3.132577
1500591431353,33958120,226.04994621,0.0
1500591431688,33958121,226.36756764,0.377341
1500591431688,33958121,226.56154078,0.0
1500591432677,33958122,226.0499471,0.0
1500591432767,33958123,227.99999998,1.910909
1500591432846,33958124,226.8769,11.88
1500591432846,33958124,226.8868,0.0
1500591433335,33958125,226.04994618,0.615789
1500591433335,33958125,226.0499462,0.0
1500591433345,33958126,226.04994617,3.132577
1500591433345,33958126,226.04994619,0.0
1500591435249,33958127,226,1.770906
1500591435259,33958128,225.99999999,3.132577
1500591435259,33958128,226.04994617,0.0
1500591435425,33958129,226.8769,0.0
1500591435425,33958129,226.867,11.7612
1500591435433,33958130,226.04994618,0.0
1500591435433,33958130,225.99999998,0.615789
1500591435443,33958131,225.99999997,3.132577
1500591435443,33958131,225.99999999,0.0
1500591436677,33958134,227.11643145,0.0
1500591436836,33958135,226.867,0.0
1500591436836,33958135,226.8571,11.643588
1500591436836,33958136,226.8567,25.99999
1500591437429,33958137,225.99999996,0.615789
1500591437429,33958137,225.99999998,0.0
1500591437439,33958138,225.99999995,3.132577
1500591437439,33958138,225.99999997,0.0
1500591437541,33958139,226.18399776,0.377341
1500591437541,33958139,226.36756764,0.0
1500591439429,33958141,225.99999994,0.615789
1500591439429,33958141,225.99999996,0.0
1500591439447,33958142,225.99999995,0.0
1500591439447,33958142,225.99999993,3.132577
1500591439540,33958143,226.8468,12.0
1500591439540,33958143,226.8571,0.0
1500591440492,33958144,226.61700663,59.11513
1500591440492,33958144,226.89671488,0.0
1500591440666,33958146,226.8468,0.0
1500591440666,33958146,226.6071,12.0
1500591441407,33958148,225.99999992,0.615789
1500591441407,33958148,225.99999994,0.0
1500591441417,33958149,225.99999993,0.0
1500591441417,33958149,225.99999991,3.132577
1500591441658,33958150,226.18399776,0.0
1500591441658,33958150,226.41603812,0.377341
1500591441832,33958151,226.5972,11.88
1500591441832,33958151,226.6071,0.0
1500591441965,33958153,226.3475657,0.0
1500591441965,33958153,226.09242778,44.792378
1500591442198,33958156,226.70000103,0.2
1500591443180,33958159,226.5972,0.0
1500591443180,33958159,225.99,3.101251
1500591443190,33958161,225.99999991,0.0
1500591443190,33958161,225.98999999,3.132577
1500591443379,33958162,225.98999998,0.615789
1500591443379,33958162,225.99999992,0.0
1500591443395,33958163,225.98999997,3.132577
1500591443395,33958163,225.98999999,0.0
1500591444360,33958165,226.61700663,0.0
1500591444360,33958165,227.04833675,59.11513
1500591444532,33958167,225.99,0.0
1500591444532,33958167,225.98,3.101251
1500591444545,33958168,225.98999997,0.0
1500591444545,33958168,225.97999999,3.132577
1500591445372,33958171,225.97999998,0.615789
1500591445372,33958171,225.98999998,0.0
1500591445383,33958172,225.97999999,0.0
1500591445383,33958172,225.97999997,3.132577
1500591446556,33958173,227.04833674,4.472429
1500591446828,33958174,225.98,0.0
1500591446828,33958174,225.97,3.101251
1500591446838,33958175,225.97999997,0.0
1500591446838,33958175,225.96999999,3.132577
1500591447122,33958176,226.8567,0.0
1500591447201,33958177,227.03633674,25.99999
1500591447358,33958178,225.96999998,0.615789
1500591447358,33958178,225.97999998,0.0
1500591447368,33958179,225.96999999,0.0
1500591447368,33958179,225.96999997,3.132577
1500591448589,33958180,225.96999998,0.0
1500591448589,33958180,225.96999996,0.615789
1500591448601,33958181,225.96999997,0.0
1500591448601,33958181,225.96999995,3.132577
1500591448763,33958182,225.96,3.101251
1500591448763,33958182,225.97,0.0
1500591448772,33958183,225.96999995,0.0
1500591448772,33958183,225.95999999,3.132577
1500591449007,33958184,227.03633673,1.910909
1500591449007,33958184,227.99999998,0.0
1500591450401,33958185,225.95999998,0.615789
1500591450401,33958185,225.96999996,0.0
1500591450417,33958186,225.95999999,0.0
1500591450417,33958186,225.95999997,3.132577
1500591450577,33958187,225.96,0.0
1500591450577,33958187,225.95,3.101251
1500591450588,33958188,225.95999997,0.0
1500591450588,33958188,225.94999999,3.132577
1500591451446,33958189,225.95999998,0.0
1500591451446,33958189,225.94999998,0.615789
1500591451456,33958190,225.94999999,0.0
1500591451456,33958190,225.94999997,3.132577
1500591452280,33958192,225.94,3.101251
1500591452280,33958192,225.95,0.0
1500591452294,33958193,225.94999997,0.0
1500591452294,33958193,225.93999999,3.132577
1500591452491,33958194,225.94999998,0.0
1500591452491,33958194,225.93999998,0.615789
1500591452500,33958195,225.93999999,0.0
1500591452500,33958195,225.93999997,3.132577
1500591452967,33958196,226.09242778,0.0
1500591452967,33958196,225.60898283,44.792378
1500591452979,33958197,225.93999997,0.0
1500591452979,33958197,225.60898282,3.132577
1500591454239,33958199,225.94,0.0
1500591454239,33958199,225.9301,3.070238
1500591454370,33958200,225.60898281,0.615789
1500591454370,33958200,225.93999998,0.0
1500591454382,33958201,225.6089828,3.132577
1500591454382,33958201,225.60898282,0.0
1500591454737,33958202,226.03517494,0.377341
1500591454737,33958202,226.41603812,0.0
1500591456297,33958204,225.9202,3.039535
1500591456297,33958204,225.9301,0.0
1500591456363,33958205,225.60898281,0.0
1500591456363,33958205,225.60898279,0.615789
1500591456371,33958206,225.60898278,2.8783
1500591456371,33958206,225.6089828,0.0
1500591458351,33958207,225.60898277,0.615789
1500591458351,33958207,225.60898279,0.0
1500591458378,33958208,225.60898276,2.8783
1500591458378,33958208,225.60898278,0.0
1500591458562,33958209,227.03633674,0.0
1500591458563,33958211,225.9202,0.0
1500591458563,33958211,225.9103,3.009139
1500591458883,33958212,227.02843673,25.99999
1500591460069,33958214,225.9004,2.979047
1500591460069,33958214,225.9103,0.0
1500591460342,33958215,225.60898277,0.0
1500591460342,33958215,225.60898275,0.615789
1500591460358,33958216,225.60898276,0.0
1500591460358,33958216,225.60898274,2.8783
1500591461352,33958217,249.25,150.0
1500591461523,33958218,225.8905,2.949256
1500591461523,33958218,225.9004,0.0
1500591462338,33958219,225.60898275,0.0
1500591462338,33958219,225.60898273,0.615789
1500591462346,33958220,225.60898272,2.8783
1500591462346,33958220,225.60898274,0.0
1500591462750,33958221,257.15,79.16
1500591462934,33958222,225.8905,0.0
1500591462934,33958222,227.0185,12.0
1500591463483,33958223,225.60898271,0.615789
1500591463483,33958223,225.60898273,0.0
1500591463494,33958224,225.60898272,0.0
1500591463494,33958224,225.6089827,2.8783
1500591465785,33958225,225.60898269,0.615789
1500591465785,33958225,225.60898271,0.0
1500591465787,33958226,227.04833674,0.0
1500591465787,33958227,227.03633673,0.0
1500591465787,33958227,227.01849999,1.910909
1500591465796,33958228,225.60898268,2.8783
1500591465796,33958228,225.6089827,0.0
1500591465956,33958229,227.0086,11.88
1500591465956,33958229,227.0185,0.0
1500591466138,33958230,228.8715,0.0
1500591466206,33958231,227.02843672,4.472429
1500591466524,33958233,227.0483,107.546
1500591467351,33958235,225.60898267,0.615789
1500591467351,33958235,225.60898269,0.0
1500591467375,33958236,225.60898266,2.8783
1500591467375,33958236,225.60898268,0.0
1500591467392,33958237,227.04833675,0.0
1500591467392,33958237,226.66854907,59.11513
1500591467547,33958238,226.9987,11.7612
1500591467547,33958238,227.0086,0.0
1500591467570,33958239,226.03517494,0.0
1500591467570,33958239,225.65293447,0.377341
1500591468845,33958240,226,0.0
1500591468918,33958241,227.02843673,0.0
1500591468993,33958242,226.66594907,25.99999
1500591469015,33958243,226.9987,0.0
1500591469015,33958243,226.6586,12.0
1500591469340,33958244,225.60898267,0.0
1500591469340,33958244,225.60898265,0.615789
1500591469350,33958245,225.60898264,2.8783
1500591469350,33958245,225.60898266,0.0
1500591470501,33958247,226.6586,0.0
1500591470501,33958247,226.6487,11.88
1500591471337,33958248,225.60898263,0.615789
1500591471337,33958248,225.60898265,0.0
1500591471369,33958249,225.60898264,0.0
1500591471369,33958249,225.60898262,2.8783
1500591471412,33958250,225.60898269,1.770906
1500591471482,33958251,226.12204256,59.11513
1500591471482,33958251,226.66854907,0.0
1500591471651,33958252,226.6487,0.0
1500591471651,33958252,226.1121,12.0
1500591473610,33958254,225.65293447,0.0
1500591473610,33958254,225.86471705,0.377341
1500591473801,33958255,226.1022,11.88
1500591473801,33958255,226.1121,0.0
1500591475408,33958257,232,12.008869
1500591475543,33958258,226.12204256,0.0
1500591475543,33958258,226.61102659,59.11513
1500591475590,33958259,226.0923,11.7612
1500591475590,33958259,226.1022,0.0
1500591477153,33958261,232,2.008869
1500591477210,33958262,226.0824,11.643588
1500591477210,33958262,226.0923,0.0
1500591478564,33958264,226.0725,11.527152
1500591478564,33958264,226.0824,0.0
1500591479182,33958265,300,290.21638
1500591479358,33958266,226.66594907,0.0
1500591479603,33958267,226.61102659,0.0
1500591479603,33958267,226.09323845,59.11513
1500591479727,33958268,225.59708262,25.99999
1500591479751,33958269,225.59708261,2.8783
1500591479751,33958269,225.60898262,0.0
1500591479773,33958270,226.0725,0.0
1500591479773,33958270,226.0626,11.41188
1500591481602,33958272,226.0527,11.297761
1500591481602,33958272,226.0626,0.0
1500591482972,33958273,225.60898263,0.0
1500591482972,33958273,225.5970826,0.615789
1500591483008,33958275,225.59708261,0.0
1500591483008,33958275,225.59708259,2.8783
1500591483136,33958276,226.0428,11.184783
1500591483136,33958276,226.0527,0.0
1500591483172,33958277,225.59708258,0.615789
1500591483172,33958277,225.5970826,0.0
1500591483173,33958278,225.59708257,2.8783
1500591483173,33958278,225.59708259,0.0
1500591483373,33958279,225.59708256,0.615789
1500591483373,33958279,225.59708258,0.0
1500591483383,33958280,225.59708257,0.0
1500591483383,33958280,225.59708255,2.8783
1500591484006,33958281,225.85869964,44.792378
1500591484006,33958281,225.60898283,0.0
1500591484500,33958282,227.01849999,0.0
1500591484500,33958282,227.02843671,1.910909
1500591484671,33958283,226.0428,0.0
1500591484671,33958283,226.0329,11.072935
1500591484890,33958284,227.02843672,0.0
1500591486854,33958286,225.8487,12.0
1500591486854,33958286,226.0329,0.0
1500591487328,33958287,226.10000001,0.2
1500591490760,33958289,225.8487,0.0
1500591490760,33958289,225.8388,11.88
1500591490872,33958290,225.59708262,0.0
1500591490945,33958291,225.8351,25.99999
1500591491653,33958293,226.2569767,0.377341
1500591491653,33958293,225.86471705,0.0
1500591492431,33958294,226.77157283,59.11513
1500591492431,33958294,226.09323845,0.0
1500591492643,33958295,225.8252,12.0
1500591492643,33958295,225.8388,0.0
1500591492691,33958296,225.59708256,0.0
1500591492691,33958296,225.59708254,0.615789
1500591492703,33958297,225.59708253,3.112773
1500591492703,33958297,225.59708255,0.0
1500591492894,33958298,225.59708252,0.615789
1500591492894,33958298,225.59708254,0.0
1500591492904,33958299,225.59708251,3.112773
1500591492904,33958299,225.59708253,0.0
1500591493096,33958300,225.5970825,0.615789
1500591493096,33958300,225.59708252,0.0
1500591493107,33958301,225.59708251,0.0
1500591493107,33958301,225.59708249,3.112773
1500591493369,33958302,225.5970825,0.0
1500591493369,33958302,225.59708248,0.615789
1500591493380,33958303,225.59708249,0.0
1500591493380,33958303,225.59708247,3.112773
1500591494462,33958304,225.59708248,0.0
1500591494462,33958304,225.59708246,0.615789
1500591494474,33958305,225.59708245,3.112773
1500591494474,33958305,225.59708247,0.0
1500591494631,33958306,225.8252,0.0
1500591494631,33958306,225.8153,11.88
1500591496449,33958309,225.59708244,0.615789
1500591496449,33958309,225.59708246,0.0
1500591496464,33958310,225.59708245,0.0
1500591496464,33958310,225.59708243,3.112773
1500591496619,33958311,225.8153,0.0
1500591496619,33958311,225.8054,11.7612
1500591498047,33958313,233,0.11
1500591498196,33958314,225.7955,11.643588
1500591498196,33958314,225.8054,0.0
1500591498568,33958315,225.59708242,0.615789
1500591498568,33958315,225.59708244,0.0
1500591498576,33958316,225.59708241,3.112773
1500591498576,33958316,225.59708243,0.0
1500591499154,33958317,226.04575927,44.792378
1500591499154,33958317,225.85869964,0.0
1500591499325,33958318,225.8252,12.0
1500591499325,33958318,225.7955,0.0
1500591499487,33958319,225.1,1.231
1500591500435,33958320,225.59708242,0.0
1500591500435,33958320,225.09999999,0.615789
1500591500606,33958322,225.8252,0.0
1500591500606,33958322,225.8153,11.88
1500591502441,33958324,225.8351,0.0
1500591502510,33958325,226.76857283,25.99999
1500591502520,33958326,225.8153,0.0
1500591502520,33958326,225.8054,11.7612
1500591502638,33958327,227.02843671,0.0
1500591502638,33958327,226.70000102,1.910909
1500591507991,33958328,225.60898269,0.0
1500591508001,33958329,225.59708241,0.0
1500591508001,33958329,225.80539999,3.112773
1500591508162,33958330,225.7955,11.643588
1500591508162,33958330,225.8054,0.0
1500591508172,33958331,225.80539999,0.0
1500591508172,33958331,225.79549999,3.112773
1500591510552,33958333,226.0358,12.0
1500591510552,33958333,225.7955,0.0
1500591510562,33958334,226.03579999,3.112773
1500591510562,33958334,225.79549999,0.0
1500591511674,33958336,226.0258,3.081645
1500591511674,33958336,226.0358,0.0
1500591511686,33958337,226.03579999,0.0
1500591511686,33958337,226.02579999,3.112773
1500591514564,33958340,226.76857283,0.0
1500591514621,33958342,226.0258,0.0
1500591514621,33958342,226.0158,3.081645
1500591514631,33958343,226.02579999,0.0
1500591514631,33958343,226.01579999,3.112773
1500591514760,33958344,226.01839999,25.99999
1500591515580,33958345,226.2569767,0.0
1500591515580,33958345,226.45443288,0.377341
1500591515750,33958346,226.0058,3.081645
1500591515750,33958346,226.0158,0.0
1500591515760,33958347,226.00579999,3.112773
1500591515760,33958347,226.01579999,0.0
1500591516418,33958348,226.58183407,59.11513
1500591516418,33958348,226.77157283,0.0
1500591518250,33958350,226.0058,0.0
1500591518250,33958350,225.9958,3.081645
1500591518289,33958351,225.99579999,2.885381
1500591518289,33958351,226.00579999,0.0
1500591518414,33958353,256,11.76
1500591518989,33958355,225.68639404,44.792378
1500591518989,33958355,226.04575927,0.0
1500591519001,33958356,225.68639403,2.885381
1500591519001,33958356,225.99579999,0.0
1500591519582,33958357,226.45443288,0.0
1500591519582,33958357,226.23600091,0.377341
1500591519751,33958358,225.9958,0.0
1500591519751,33958358,225.9859,3.050828
1500591520532,33958359,226.58183407,0.0
1500591520532,33958359,226.85433123,59.11513
1500591522660,33958361,225.9859,0.0
1500591522660,33958361,225.976,3.020319
1500591522807,33958362,226.85433122,4.472429
1500591523838,33958365,225.976,0.0
1500591523838,33958365,225.9661,2.990115
1500591526591,33958368,226.01839999,0.0
1500591526655,33958369,226.85043122,25.99999
1500591526860,33958370,225.9562,2.960213
1500591526860,33958370,225.9661,0.0
1500591527638,33958372,225.99838599,0.377341
1500591527638,33958372,226.23600091,0.0
1500591527808,33958373,225.9463,2.93061
1500591527808,33958373,225.9562,0.0
1500591527988,33958374,225.68639404,0.0
1500591527988,33958374,225.48675282,44.792378
1500591527988,33958375,225.68639403,0.0
1500591527988,33958375,225.48675281,2.885381
1500591530116,33958377,259.83,0.0
1500591530204,33958378,256.32,0.0
1500591530293,33958379,225.9364,2.901303
1500591530293,33958379,225.9463,0.0
1500591531629,33958381,226.35074932,0.377341
1500591531629,33958381,225.99838599,0.0
1500591531801,33958382,225.9265,2.872289
1500591531801,33958382,225.9364,0.0
1500591532678,33958384,225.48675281,0.0
1500591532678,33958384,225.09999998,2.885381
1500591532749,33958385,225.09999997,0.615789
1500591532749,33958385,225.09999999,0.0
1500591532759,33958386,225.09999998,0.0
1500591532759,33958386,225.09999996,2.885381
1500591532781,33958387,249.87,119.25
1500591532918,33958389,226.8405,12.0
1500591532918,33958389,225.9265,0.0
1500591532972,33958390,225.09999997,0.0
1500591532972,33958390,225.09999995,0.615789
1500591532982,33958391,225.09999996,0.0
1500591532982,33958391,225.09999994,2.885381
1500591533175,33958392,225.09999993,0.615789
1500591533175,33958392,225.09999995,0.0
1500591533186,33958393,225.09999994,0.0
1500591533186,33958393,225.09999992,2.885381
1500591533443,33958395,225.09999991,0.615789
1500591533443,33958395,225.09999993,0.0
1500591533475,33958396,225.0999999,2.885381
1500591533475,33958396,225.09999992,0.0
1500591533599,33958397,225.09999989,0.615789
1500591533599,33958397,225.09999991,0.0
1500591533609,33958398,225.09999988,2.885381
1500591533609,33958398,225.0999999,0.0
1500591533801,33958399,225.09999987,0.615789
1500591533801,33958399,225.09999989,0.0
1500591533812,33958400,225.09999988,0.0
1500591533812,33958400,225.09999986,2.885381
1500591534021,33958401,247.98,61.24
1500591534024,33958403,225.09999985,0.615789
1500591534024,33958403,225.09999987,0.0
1500591534037,33958404,225.09999986,0.0
1500591534037,33958404,225.09999984,2.885381
1500591534194,33958405,226.8306,11.88
1500591534194,33958405,226.8405,0.0
1500591534224,33958406,225.09999983,0.615789
1500591534224,33958406,225.09999985,0.0
1500591534234,33958407,225.09999984,0.0
1500591534234,33958407,225.09999982,2.885381
1500591534413,33958408,225.63852724,59.11513
1500591534413,33958408,226.85433123,0.0
1500591534428,33958409,225.09999981,0.615789
1500591534428,33958409,225.09999983,0.0
1500591534438,33958410,225.09999982,0.0
1500591534438,33958410,225.0999998,2.885381
1500591534657,33958412,225.09999979,0.615789
1500591534657,33958412,225.09999981,0.0
1500591534668,33958413,225.0999998,0.0
1500591534668,33958413,225.09999978,2.885381
1500591534851,33958414,225.09999977,0.615789
1500591534851,33958414,225.09999979,0.0
1500591534863,33958415,225.09999976,2.885381
1500591534863,33958415,225.09999978,0.0
1500591535073,33958416,225.09999977,0.0
1500591535073,33958416,225.09999975,0.615789
1500591535087,33958417,225.09999974,2.885381
1500591535087,33958417,225.09999976,0.0
1500591535275,33958418,225.09999975,0.0
1500591535275,33958418,225.09999973,0.615789
1500591535286,33958419,225.09999972,2.885381
1500591535286,33958419,225.09999974,0.0
1500591535447,33958420,226.8207,11.7612
1500591535447,33958420,226.8306,0.0
1500591535491,33958421,225.09999971,0.615789
1500591535491,33958421,225.09999973,0.0
1500591535492,33958422,225.0999997,2.885381
1500591535492,33958422,225.09999972,0.0
1500591535595,33958423,226.08149091,0.377341
1500591535595,33958423,226.35074932,0.0
1500591535698,33958424,225.09999969,0.615789
1500591535698,33958424,225.09999971,0.0
1500591535730,33958425,225.0999997,0.0
1500591535730,33958425,225.09999968,2.885381
1500591535902,33958426,226.0814909,1.910909
1500591535902,33958426,226.70000102,0.0
1500591535903,33958427,225.09999969,0.0
1500591535903,33958427,225.09999967,0.615789
1500591536002,33958428,225.09999966,2.885381
1500591536002,33958428,225.09999968,0.0
1500591536122,33958429,225.09999967,0.0
1500591536122,33958429,225.09999965,0.615789
1500591536133,33958430,225.09999966,0.0
1500591536133,33958430,225.09999964,2.885381
1500591536526,33958431,225.09999963,0.615789
1500591536526,33958431,225.09999965,0.0
1500591536536,33958432,225.09999964,0.0
1500591536536,33958432,225.09999962,2.885381
1500591536841,33958433,226.8108,11.643588
1500591536841,33958433,226.8207,0.0
1500591537126,33958434,226.85043122,0.0
1500591537257,33958435,225.62812724,25.99999
1500591538405,33958437,226.77619039,59.11513
1500591538405,33958437,225.63852724,0.0
1500591538575,33958438,225.09999963,0.0
1500591538575,33958438,225.09999961,0.615789
1500591538575,33958439,226.7662,12.0
1500591538575,33958439,226.8108,0.0
1500591538590,33958440,225.0999996,2.885381
1500591538590,33958440,225.09999962,0.0
1500591539043,33958441,247.98,0.0
1500591539043,33958441,249.73,74.36
1500591539744,33958443,226.7563,11.88
1500591539744,33958443,226.7662,0.0
1500591540512,33958445,225.09999959,0.615789
1500591540512,33958445,225.09999961,0.0
1500591540525,33958446,225.09999958,2.885381
1500591540525,33958446,225.0999996,0.0
1500591540626,33958447,226.08149091,0.0
1500591540626,33958447,226.40795133,0.377341
1500591541133,33958448,225.48675282,0.0
1500591541133,33958448,225.67821708,44.792378
1500591541321,33958449,226.7563,0.0
1500591541321,33958449,226.7464,11.7612
1500591541571,33958450,225.09999957,0.615789
1500591541571,33958450,225.09999959,0.0
1500591541582,33958451,225.09999958,0.0
1500591541582,33958451,225.09999956,2.885381
1500591541996,33958452,226.85433122,0.0
1500591542509,33958454,226.7365,11.643588
1500591542509,33958454,226.7464,0.0
1500591542619,33958455,225.09999955,0.615789
1500591542619,33958455,225.09999957,0.0
1500591542633,33958456,225.09999956,0.0
1500591542633,33958456,225.09999954,2.885381
1500591543364,33958457,226.77619039,0.0
1500591543364,33958457,225.62087228,59.11513
1500591544390,33958458,225.09999953,0.615789
1500591544390,33958458,225.09999955,0.0
1500591544405,33958459,225.09999954,0.0
1500591544405,33958459,225.09999952,2.885381
1500591544558,33958461,226.7365,0.0
1500591544558,33958461,226.7266,11.527152
1500591545743,33958463,225.94947081,0.377341
1500591545743,33958463,226.40795133,0.0
1500591545914,33958464,226.7266,0.0
1500591545914,33958464,226.7167,11.41188
1500591546378,33958466,225.09999953,0.0
1500591546378,33958466,225.09999951,0.615789
1500591546390,33958467,225.0999995,2.885381
1500591546390,33958467,225.09999952,0.0
1500591547415,33958469,225.62087228,0.0
1500591547415,33958469,226.47820594,59.11513
1500591547500,33958470,225.62812724,0.0
1500591547587,33958471,226.4683,12.0
1500591547587,33958471,226.7167,0.0
1500591547614,33958472,226.47260594,25.99999
1500591548565,33958474,225.09999949,0.615789
1500591548565,33958474,225.09999951,0.0
1500591548576,33958475,225.09999948,2.981498
1500591548576,33958475,225.0999995,0.0
1500591548741,33958476,226.4584,11.88
1500591548741,33958476,226.4683,0.0
1500591549037,33958478,225.40343427,44.792378
1500591549037,33958478,225.67821708,0.0
1500591550463,33958479,225.09999949,0.0
1500591550463,33958479,225.09999947,0.615789
1500591550473,33958480,225.09999946,2.981498
1500591550473,33958480,225.09999948,0.0
1500591550632,33958481,226.4485,11.7612
1500591550632,33958481,226.4584,0.0
1500591552059,33958483,225.9494708,1.910909
1500591552059,33958483,226.0814909,0.0
1500591552239,33958484,226.4485,0.0
1500591552239,33958484,226.4386,11.643588
1500591552363,33958485,225.52649243,59.11513
1500591552363,33958485,226.47820594,0.0
1500591552446,33958486,225.09999945,0.615789
1500591552446,33958486,225.09999947,0.0
1500591552458,33958487,225.09999944,2.981498
1500591552458,33958487,225.09999946,0.0
1500591553622,33958490,225.50843903,0.377341
1500591553622,33958490,225.94947081,0.0
1500591553791,33958491,226.4287,11.527152
1500591553791,33958491,226.4386,0.0
1500591553997,33958492,225.66172777,44.792378
1500591553997,33958492,225.40343427,0.0
1500591554536,33958493,225.09999943,0.615789
1500591554536,33958493,225.09999945,0.0
1500591554549,33958494,225.09999942,2.981498
1500591554549,33958494,225.09999944,0.0
1500591556196,33958496,226.4188,11.41188
1500591556196,33958496,226.4287,0.0
1500591556524,33958497,225.09999943,0.0
1500591556524,33958497,225.09999941,0.615789
1500591556532,33958498,225.09999942,0.0
1500591556532,33958498,225.0999994,2.981498
1500591558576,33958499,225.09999939,0.615789
1500591558576,33958499,225.09999941,0.0
1500591558604,33958500,225.0999994,0.0
1500591558604,33958500,225.09999938,2.981498
1500591558747,33958501,226.4188,0.0
1500591558747,33958501,226.4089,11.297761
1500591559117,33958502,226.47260594,0.0
1500591559359,33958504,225.50053903,25.99999
1500591559988,33958507,225.09999938,0.0
1500591559988,33958507,224.40802821,2.981498
1500591560135,33958508,226.4089,0.0
1500591560135,33958508,225.09,2.951683
1500591560589,33958509,224.4080282,0.615789
1500591560589,33958509,225.09999939,0.0
1500591560604,33958510,224.40802819,2.981498
1500591560604,33958510,224.40802821,0.0
1500591561424,33958513,225.09,0.0
1500591561424,33958513,225.0801,2.922166
1500591561565,33958514,224.4080282,0.0
1500591561565,33958514,224.40802818,0.615789
1500591561565,33958515,224.40802819,0.0
1500591561565,33958515,224.40802817,2.981498
1500591562535,33958517,225.50843903,0.0
1500591562535,33958517,225.27063201,0.377341
1500591562705,33958519,225.0702,2.892944
1500591562705,33958519,225.0801,0.0
1500591563523,33958521,224.40802816,0.615789
1500591563523,33958521,224.40802818,0.0
1500591563531,33958522,224.40802817,0.0
1500591563531,33958522,224.40802815,2.981498
1500591564805,33958523,225.09999944,1.573411
1500591564976,33958524,225.0702,0.0
1500591564976,33958524,225.4906,12.0
1500591565617,33958526,224.40802816,0.0
1500591565617,33958526,224.40802814,0.615789
1500591565626,33958527,224.40802815,0.0
1500591565626,33958527,224.40802813,2.981498
1500591565967,33958528,224.66320712,44.792378
1500591565967,33958528,224.40802822,0.0
1500591566144,33958529,225.4807,11.88
1500591566144,33958529,225.4906,0.0
1500591567512,33958530,224.40802814,0.0
1500591567512,33958530,224.40802812,0.615789
1500591567521,33958531,224.40802811,2.981498
1500591567521,33958531,224.40802813,0.0
1500591567698,33958532,225.4807,0.0
1500591567698,33958532,225.4708,11.7612
1500591569484,33958533,224.4080281,0.615789
1500591569484,33958533,224.40802812,0.0
1500591569494,33958534,224.40802809,2.981498
1500591569494,33958534,224.40802811,0.0
1500591569617,33958536,225.50053903,0.0
1500591569653,33958537,225.4708,0.0
1500591569653,33958537,225.4609,11.643588
1500591569844,33958538,225.4637,25.99999
1500591570409,33958539,226.1,1.910909
1500591570409,33958539,225.9494708,0.0
1500591570588,33958540,225.27063201,0.0
1500591570764,33958541,225.451,11.527152
1500591570764,33958541,225.4609,0.0
1500591571498,33958542,224.4080281,0.0
1500591571498,33958542,224.40802808,0.615789
1500591571498,33958543,224.40802809,0.0
1500591571498,33958543,224.40802807,2.981498
1500591572620,33958544,224.40802808,0.0
1500591572620,33958544,224.40802806,0.615789
1500591572634,33958545,224.40802805,2.981498
1500591572634,33958545,224.40802807,0.0
1500591572789,33958546,225.451,0.0
1500591572789,33958546,225.4411,11.41188
1500591573464,33958547,224.40802806,0.0
1500591573464,33958547,224.40802804,0.615789
1500591573474,33958548,224.40802803,2.981498
1500591573474,33958548,224.40802805,0.0
1500591575353,33958549,224.40802804,0.0
1500591575353,33958549,224.40802802,0.615789
1500591575365,33958550,224.40802803,0.0
1500591575365,33958550,224.40802801,2.981498
1500591575523,33958551,225.4312,11.297761
1500591575523,33958551,225.4411,0.0
1500591576190,33958552,240,75.163023
1500591576599,33958553,224.408028,0.615789
1500591576599,33958553,224.40802802,0.0
1500591576610,33958554,224.40802799,2.981498
1500591576610,33958554,224.40802801,0.0
1500591576840,33958555,225.4312,0.0
1500591576840,33958555,225.4213,11.184783
1500591578559,33958556,224.408028,0.0
1500591578559,33958556,224.40802798,0.615789
1500591578571,33958557,224.40802799,0.0
1500591578571,33958557,224.40802797,2.981498
1500591578738,33958558,225.4114,11.072935
1500591578738,33958558,225.4213,0.0
1500591579348,33958559,224.40802797,2.841498
1500591579364,33958560,224.66320711,2.953914
1500591579364,33958560,224.40802797,0.0
1500591579382,33958562,224.40802797,2.953914
1500591579382,33958562,224.66320711,0.0
1500591579634,33958563,224.40802798,0.0
1500591579634,33958563,224.40802796,0.615789
1500591579644,33958564,224.40802795,2.953914
1500591579644,33958564,224.40802797,0.0
1500591579656,33958565,225.09999944,0.0
1500591580964,33958566,225.1,0.0
1500591581135,33958567,225.4114,0.0
1500591581135,33958567,225.4015,10.962205
1500591581506,33958568,224.40802794,0.615789
1500591581506,33958568,224.40802796,0.0
1500591581515,33958569,224.40802795,0.0
1500591581515,33958569,224.40802793,2.953914
1500591582715,33958570,245,74.759842
1500591582907,33958571,225.4015,0.0
1500591582907,33958571,225.3916,10.852582
1500591583495,33958572,224.40802794,0.0
1500591583495,33958572,224.40802792,0.615789
1500591583507,33958573,224.40802793,0.0
1500591583507,33958573,224.40802791,2.953914
1500591584588,33958574,224.4080279,0.615789
1500591584588,33958574,224.40802792,0.0
1500591584655,33958575,224.40802789,2.953914
1500591584655,33958575,224.40802791,0.0
1500591584749,33958576,225.3817,10.744056
1500591584749,33958576,225.3916,0.0
1500591585587,33958577,224.40802788,0.615789
1500591585587,33958577,224.4080279,0.0
1500591585597,33958578,224.40802787,2.953914
1500591585597,33958578,224.40802789,0.0
1500591586840,33958580,225.3718,10.636615
1500591586840,33958580,225.3817,0.0
1500591587475,33958582,224.40802788,0.0
1500591587475,33958582,224.40802786,0.615789
1500591587491,33958583,224.40802785,2.953914
1500591587491,33958583,224.40802787,0.0
1500591587744,33958584,225.97378745,0.189614
1500591587942,33958586,225.3718,0.0
1500591587942,33958586,225.3619,10.530248
1500591589349,33958587,224.40802786,0.0
1500591589349,33958587,224.40802784,0.615789
1500591589359,33958588,224.40802783,2.953914
1500591589359,33958588,224.40802785,0.0
1500591589526,33958589,225.3619,0.0
1500591589526,33958589,225.352,10.424945
1500591591345,33958590,224.40802784,0.0
1500591591345,33958590,224.40802782,0.615789
1500591591355,33958591,224.40802781,2.953914
1500591591355,33958591,224.40802783,0.0
1500591591515,33958592,225.352,0.0
1500591591515,33958592,225.3421,10.320695
1500591592613,33958593,224.4080278,0.615789
1500591592613,33958593,224.40802782,0.0
1500591592626,33958594,224.40802779,2.953914
1500591592626,33958594,224.40802781,0.0
1500591592783,33958595,225.3322,10.217488
1500591592783,33958595,225.3421,0.0
1500591593661,33958597,224.4080278,0.0
1500591593661,33958597,224.40802778,0.615789
1500591593672,33958598,224.40802777,2.953914
1500591593672,33958598,224.40802779,0.0
1500591594580,33958599,224.40802778,0.0
1500591594580,33958599,224.40802776,0.615789
1500591594593,33958600,224.40802775,2.953914
1500591594593,33958600,224.40802777,0.0
1500591594756,33958601,225.3322,0.0
1500591594756,33958601,225.3223,10.115313
1500591595626,33958602,224.40802776,0.0
1500591595626,33958602,224.40802774,0.615789
1500591595645,33958603,224.40802775,0.0
1500591595645,33958603,224.40802773,2.953914
1500591596569,33958604,224.40802774,0.0
1500591596569,33958604,224.40802772,0.615789
1500591596587,33958605,224.40802773,0.0
1500591596587,33958605,224.40802771,2.953914
1500591596840,33958606,225.3124,10.014159
1500591596840,33958606,225.3223,0.0
1500591597614,33958607,224.4080277,0.615789
1500591597614,33958607,224.40802772,0.0
1500591597625,33958608,224.40802769,2.953914
1500591597625,33958608,224.40802771,0.0
1500591598596,33958610,224.40802768,0.615789
1500591598596,33958610,224.4080277,0.0
1500591598610,33958611,224.40802769,0.0
1500591598610,33958611,224.40802767,2.953914
1500591598764,33958612,225.3025,9.914017
1500591598764,33958612,225.3124,0.0
1500591600651,33958613,224.40802768,0.0
1500591600651,33958613,224.40802766,0.615789
1500591600662,33958614,224.40802765,2.953914
1500591600662,33958614,224.40802767,0.0
1500591600820,33958615,225.2926,9.814876
1500591600820,33958615,225.3025,0.0
1500591601619,33958616,224.40802764,0.615789
1500591601619,33958616,224.40802766,0.0
1500591601631,33958617,224.40802765,0.0
1500591601631,33958617,224.40802763,2.953914
1500591601955,33958618,233.5,1.72
1500591602124,33958619,225.2926,0.0
1500591602124,33958619,225.2827,9.716727
1500591603301,33958621,225.2827,0.0
1500591603301,33958621,225.2728,9.619559
1500591603495,33958622,224.40802764,0.0
1500591603495,33958622,224.40802762,0.615789
1500591603509,33958623,224.40802761,2.953914
1500591603509,33958623,224.40802763,0.0
1500591603848,33958624,225.97378745,0.0
1500591603848,33958624,225.66672499,0.189614
1500591605164,33958628,225.2629,9.523363
1500591605164,33958628,225.2728,0.0
1500591605475,33958630,224.40802762,0.0
1500591605475,33958630,224.4080276,0.615789
1500591605488,33958631,224.40802761,0.0
1500591605488,33958631,224.40802759,2.953914
1500591606520,33958635,225.2629,0.0
1500591606520,33958635,225.253,9.428129
1500591607484,33958639,224.40802758,0.615789
1500591607484,33958639,224.4080276,0.0
1500591607500,33958640,224.40802759,0.0
1500591607500,33958640,224.40802757,2.953914
1500591607581,33958641,225.9226517,0.189614
1500591607581,33958641,225.66672499,0.0
1500591607654,33958642,225.2431,9.333847
1500591607654,33958642,225.253,0.0
1500591608611,33958643,224.40802756,0.615789
1500591608611,33958643,224.40802758,0.0
1500591608620,33958644,224.40802755,3.018591
1500591608620,33958644,224.40802757,0.0
1500591608782,33958645,225.2332,9.240508
1500591608782,33958645,225.2431,0.0
1500591610520,33958648,224.40802756,0.0
1500591610520,33958648,224.40802754,0.615789
1500591610597,33958649,224.40802753,3.018591
1500591610597,33958649,224.40802755,0.0
1500591610700,33958650,225.2332,0.0
1500591610700,33958650,225.2233,9.148102
1500591612255,33958655,224.84469739,44.697581
1500591612255,33958655,224.66320712,0.0
1500591612429,33958657,225.2233,0.0
1500591612429,33958657,225.2134,9.05662
1500591612535,33958659,224.40802752,0.615789
1500591612535,33958659,224.40802754,0.0
1500591612545,33958660,224.40802753,0.0
1500591612545,33958660,224.40802751,3.018591
1500591613678,33958664,224.40802752,0.0
1500591613678,33958664,224.4080275,0.615789
1500591613687,33958665,224.40802751,0.0
1500591613687,33958665,224.40802749,3.018591
1500591613797,33958666,225.2035,8.966053
1500591613797,33958666,225.2134,0.0
1500591614452,33958667,225.52649243,0.0
1500591614452,33958667,225.31202865,45.183533
1500591614631,33958668,224.4080275,0.0
1500591614631,33958668,224.40802748,0.615789
1500591614641,33958669,224.40802749,0.0
1500591614641,33958669,224.40802747,3.018591
1500591614832,33958671,225.4637,0.0
1500591614979,33958673,225.1936,8.876392
1500591614979,33958673,225.2035,0.0
1500591615054,33958675,227.0379,25.99999
1500591615538,33958678,225.9226517,0.0
1500591615538,33958678,225.40632954,0.189614
1500591615678,33958679,224.40802748,0.0
1500591615678,33958679,224.40802746,0.615789
1500591615689,33958680,224.40802745,3.018591
1500591615689,33958680,224.40802747,0.0
1500591616506,33958682,224.40802744,0.615789
1500591616506,33958682,224.40802746,0.0
1500591616526,33958683,225.1837,8.787628
1500591616526,33958683,225.1936,0.0
1500591616527,33958685,224.40802743,3.018591
1500591616527,33958685,224.40802745,0.0
1500591617570,33958688,224.40802744,0.0
1500591617570,33958688,224.40802742,0.615789
1500591617582,33958689,224.40802741,3.018591
1500591617582,33958689,224.40802743,0.0
1500591617740,33958690,225.1738,8.699751
1500591617740,33958690,225.1837,0.0
1500591619003,33958694,225.08962191,44.697581
1500591619003,33958694,224.84469739,0.0
1500591619028,33958695,225.1738,0.0
1500591619028,33958695,225.1639,8.612753
1500591619561,33958697,224.40802742,0.0
1500591619561,33958697,224.4080274,0.615789
1500591619592,33958698,224.40802739,3.018591
1500591619592,33958698,224.40802741,0.0
1500591619757,33958699,225.40632954,0.0
1500591619757,33958699,226.03503788,0.189614
1500591620152,33958701,225.0797,12.0
1500591620152,33958701,225.1639,0.0
1500591620271,33958702,225.10001001,0.2
1500591621550,33958703,224.40802738,0.615789
1500591621550,33958703,224.4080274,0.0
1500591621564,33958704,224.40802739,0.0
1500591621564,33958704,224.40802737,3.018591
1500591621675,33958705,224.40802737,2.700956
1500591621686,33958706,225.07969999,3.018591
1500591621686,33958706,224.40802737,0.0
1500591621717,33958708,224.40802737,3.018591
1500591621717,33958708,225.07969999,0.0
1500591621720,33958709,225.0797,0.0
1500591621720,33958709,225.0698,11.88
1500591622669,33958714,226.1,0.0
1500591622669,33958714,226.03503787,1.910909
1500591622871,33958715,225.0599,11.7612
1500591622871,33958715,225.0698,0.0
1500591623557,33958717,224.40802738,0.0
1500591623557,33958717,224.40802736,0.615789
1500591623570,33958718,224.40802735,3.018591
1500591623570,33958718,224.40802737,0.0
1500591624244,33958720,225.05,11.643588
1500591624244,33958720,225.0599,0.0
1500591624642,33958721,226.26648373,45.183533
1500591624642,33958721,225.31202865,0.0
1500591625112,33958723,225.08962191,0.0
1500591625112,33958723,225.29844015,44.744979
1500591625567,33958724,226.03503788,0.0
1500591625567,33958724,225.80550332,0.189614
1500591625654,33958725,224.40802734,0.615789
1500591625654,33958725,224.40802736,0.0
1500591625665,33958726,224.40802735,0.0
1500591625665,33958726,224.40802733,3.018591
1500591625752,33958727,225.0401,11.527152
1500591625752,33958727,225.05,0.0
1500591627502,33958729,225.0302,11.41188
1500591627502,33958729,225.0401,0.0
1500591627542,33958730,224.40802734,0.0
1500591627542,33958730,224.40802732,0.615789
1500591627553,33958731,224.40802731,3.018591
1500591627553,33958731,224.40802733,0.0
1500591628375,33958732,226.68677168,45.183533
1500591628375,33958732,226.26648373,0.0
1500591628757,33958734,225.0203,11.297761
1500591628757,33958734,225.0302,0.0
1500591629529,33958735,224.4080273,0.615789
1500591629529,33958735,224.40802732,0.0
1500591629546,33958736,224.40802731,0.0
1500591629546,33958736,224.40802729,3.018591
1500591629578,33958737,225.80550332,0.0
1500591629578,33958737,226.19572978,0.189614
1500591629690,33958738,224.40802729,0.0
1500591629690,33958738,224.4080273,0.0
1500591629690,33958738,225.0203,10.932141
1500591629839,33958740,225.02029999,3.018591
1500591629864,33958741,225.0104,10.822819
1500591629864,33958741,225.0203,0.0
1500591629873,33958742,225.02029999,0.0
1500591629873,33958742,225.01039999,3.018591
1500591631149,33958756,225.0004,2.988405
1500591631149,33958756,225.0104,0.0
1500591631158,33958757,225.00039999,3.018591
1500591631158,33958757,225.01039999,0.0
1500591632584,33958760,224.9904,2.988405
1500591632584,33958760,225.0004,0.0
1500591632667,33958762,225.00039999,0.0
1500591632667,33958762,224.99039999,3.018591
1500591632892,33958764,259.82,0.0
1500591632935,33958766,256.26,0.0
1500591633734,33958769,226.68677167,4.472429
1500591633903,33958770,224.9904,0.0
1500591633903,33958770,224.9804,2.988405
1500591633917,33958771,224.99039999,0.0
1500591633917,33958771,224.98039999,3.018591
1500591634041,33958772,227.0379,0.0
1500591634219,33958773,225.29844015,0.0
1500591634219,33958773,224.91104106,44.744979
1500591634228,33958774,224.91104105,3.018591
1500591634228,33958774,224.98039999,0.0
1500591634307,33958775,226.67517167,25.99999
1500591634579,33958777,225.74661848,45.183533
1500591634579,33958777,226.68677168,0.0
1500591635173,33958786,224.9705,2.95852
1500591635173,33958786,224.9804,0.0
1500591636866,33958790,224.9705,0.0
1500591636866,33958790,224.9606,2.928934
1500591638022,33958796,225.19652211,44.744979
1500591638022,33958796,224.91104106,0.0
1500591638031,33958797,224.91104105,0.0
1500591638031,33958797,224.96059999,3.018591
1500591638198,33958798,224.9507,2.899644
1500591638198,33958798,224.9606,0.0
1500591638208,33958800,224.96059999,0.0
1500591638208,33958800,224.95069999,3.018591
1500591638593,33958801,226.19572978,0.0
1500591638593,33958801,225.80946168,0.189614
1500591639673,33958804,226.03503787,0.0
1500591639673,33958804,226.1,1.910909
1500591639856,33958806,224.9407,2.988405
1500591639856,33958806,224.9507,0.0
1500591639877,33958807,224.94069999,2.866626
1500591639877,33958807,224.95069999,0.0
1500591641363,33958812,225.74661848,0.0
1500591641363,33958812,226.10614853,45.183533
1500591641538,33958815,225.1866,11.63438
1500591641538,33958815,224.9407,0.0
1500591641552,33958816,225.18659999,2.866626
1500591641552,33958816,224.94069999,0.0
1500591642576,33958821,225.80946168,0.0
1500591642576,33958821,225.40192757,0.189614
1500591642651,33958823,225.1866,0.0
1500591642651,33958823,225.1767,11.518036
1500591642663,33958824,225.18659999,0.0
1500591642663,33958824,225.17669999,2.866626
1500591643965,33958827,224.85516619,44.744979
1500591643965,33958827,225.19652211,0.0
1500591643975,33958828,224.85516618,2.866626
1500591643975,33958828,225.17669999,0.0
1500591644147,33958830,225.1668,11.402855
1500591644147,33958830,225.1767,0.0
1500591644281,33958831,226.67517167,0.0
1500591644475,33958832,227.0414,25.99999
1500591645465,33958836,225.52788367,45.183533
1500591645465,33958836,226.10614853,0.0
1500591645635,33958838,225.1569,11.288826
1500591645635,33958838,225.1668,0.0
1500591646850,33958842,225.147,11.175937
1500591646850,33958842,225.1569,0.0
1500591647030,33958843,225.40192757,0.0
1500591647030,33958843,225.76138816,0.189614
1500591647919,33958847,225.1371,11.064177
1500591647919,33958847,225.147,0.0
1500591649831,33958850,225.1371,0.0
1500591649831,33958850,225.1272,10.953535
1500591650566,33958852,225.76138816,0.0
1500591650566,33958852,226.23045998,0.189614
1500591650987,33958854,225.1272,0.0
1500591650987,33958854,225.1173,10.843999
1500591652395,33958856,225.52788367,0.0
1500591652395,33958856,226.85869845,45.183533
1500591652583,33958857,225.1173,0.0
1500591652583,33958857,225.1074,10.735559
1500591653705,33958859,226.68677167,0.0
1500591653821,33958861,225.0975,10.628203
1500591653821,33958861,225.1074,0.0
1500591654061,33958862,226.85869844,4.472429
1500591654967,33958871,225.0876,10.52192
1500591654967,33958871,225.0975,0.0
1500591655552,33958878,224.56167615,14.593358
1500591655563,33958879,224.85516618,0.0
1500591655563,33958879,224.56167614,2.866626
1500591655590,33958880,226.23045998,0.0
1500591655590,33958880,226.50206803,0.189614
1500591657683,33958885,225.0876,0.0
1500591657683,33958885,225.0777,10.4167
1500591659474,33958887,225.0678,10.312533
1500591659474,33958887,225.0777,0.0
1500591659993,33958890,225.06535389,44.744979
1500591659993,33958890,224.85516619,0.0
1500591660065,33958891,227.0414,0.0
1500591660269,33958892,225.05335389,25.99999
1500591660752,33958895,225.0678,0.0
1500591660752,33958895,225.0434,11.63438
1500591662708,33958898,225.0434,0.0
1500591662708,33958898,225.0335,11.518036
1500591663924,33958902,225.0335,0.0
1500591663924,33958902,225.0236,11.402855
1500591664332,33958903,226.3634253,45.183533
1500591664332,33958903,226.85869845,0.0
1500591665079,33958910,225.0137,11.288826
1500591665079,33958910,225.0236,0.0
1500591665705,33958911,224.78733055,14.593358
1500591665705,33958911,224.56167615,0.0
1500591665715,33958912,224.56167614,0.0
1500591665715,33958912,224.78733054,2.866626
1500591666617,33958918,225.0137,0.0
1500591666617,33958918,225.0038,11.175937
1500591667963,33958920,224.69261315,44.744979
1500591667963,33958920,225.06535389,0.0
1500591667990,33958921,224.78733054,0.0
1500591667990,33958921,224.69261314,2.866626
1500591668136,33958922,224.9939,11.064177
1500591668136,33958922,225.0038,0.0
1500591669234,33958927,249.31,76.66
1500591669403,33958928,224.984,10.953535
1500591669403,33958928,224.9939,0.0
1500591669783,33958931,226.50206803,0.0
1500591669783,33958931,226.09968762,0.189614
1500591670336,33958932,250,135.298264
1500591670508,33958934,224.984,0.0
1500591670508,33958934,224.9741,10.843999
1500591670511,33958935,225.05335389,0.0
1500591670595,33958937,227.0374,25.99999
1500591671014,33958940,250.22,39.37
1500591671664,33958945,224.9642,10.735559
1500591671664,33958945,224.9741,0.0
1500591672679,33958947,226.85869844,0.0
1500591672853,33958948,224.9642,0.0
1500591672853,33958948,226.3535,11.63438
1500591673086,33958949,226.36342528,4.472429
1500591673599,33958952,226.1,0.0
1500591673599,33958952,226.09968761,1.910909
1500591674719,33958954,224.78733055,0.0
1500591674719,33958954,225.02301711,14.593358
1500591674774,33958955,224.69261314,0.0
1500591674774,33958955,224.69261315,33.769335
1500591674889,33958956,225.0131,11.63438
1500591674889,33958956,226.3535,0.0
1500591674897,33958957,224.69261314,2.797148
1500591675619,33958960,226.09968762,0.0
1500591675619,33958960,225.84770489,0.189614
1500591677679,33958963,225.0032,11.518036
1500591677679,33958963,225.0131,0.0
1500591678820,33958966,225.0032,0.0
1500591678820,33958966,224.9933,11.402855
1500591680706,33958971,224.9834,11.288826
1500591680706,33958971,224.9933,0.0
1500591681609,33958973,225.84770489,0.0
1500591681609,33958973,225.64562735,0.189614
1500591682585,33958977,224.9735,11.175937
1500591682585,33958977,224.9834,0.0
1500591683726,33958985,224.9735,0.0
1500591683726,33958985,224.9636,11.064177
1500591685373,33958988,224.9636,0.0
1500591685373,33958988,225.0131,11.63438
1500591685993,33958993,224.69261315,0.0
1500591685993,33958993,224.43751723,39.284596
1500591686442,33958994,226.3634253,0.0
1500591686442,33958994,225.97600478,45.183533
1500591686611,33958996,225.0032,11.518036
1500591686611,33958996,225.0131,0.0
1500591686875,33958997,224.69261314,0.0
1500591686875,33958997,224.43751722,2.797148
1500591687724,33959000,225.0032,0.0
1500591687724,33959000,224.9933,11.402855
1500591688919,33959004,224.9834,11.288826
1500591688919,33959004,224.9933,0.0
1500591690045,33959005,225.97600477,1.910909
1500591690045,33959005,226.09968761,0.0
1500591690215,33959006,224.9735,11.175937
1500591690215,33959006,224.9834,0.0
1500591692024,33959009,226.36342528,0.0
1500591692197,33959010,224.9735,0.0
1500591692197,33959010,224.9636,11.064177
1500591693790,33959015,224.9636,0.0
1500591693790,33959015,225.0131,11.63438
1500591694967,33959019,224.18918622,39.284596
1500591694967,33959019,224.43751723,0.0
1500591694997,33959021,224.43751722,0.0
1500591694997,33959021,225.01309999,2.797148
1500591695142,33959022,225.0032,11.518036
1500591695142,33959022,225.0131,0.0
1500591695152,33959024,225.01309999,0.0
1500591695152,33959024,225.00319999,2.797148
1500591695332,33959026,227.0374,0.0
1500591695805,33959028,227.0375,9.82285
1500591695892,33959030,227.0375,0.0
1500591695994,33959031,227.0365,3.05081
1500591696864,33959036,225.0032,0.0
1500591696864,33959036,224.9933,11.402855
1500591696899,33959039,225.00319999,0.0
1500591696899,33959039,224.99329999,2.797148
1500591697180,33959042,227.0365,0.0
1500591697561,33959046,225.64562735,0.0
1500591697561,33959046,225.94027575,0.189614
1500591698366,33959047,225.97600478,0.0
1500591698366,33959047,226.23942814,45.183533
1500591698592,33959049,224.9834,11.288826
1500591698592,33959049,224.9933,0.0
1500591698612,33959051,224.99329999,0.0
1500591698612,33959051,224.98339999,2.797148
1500591699784,33959055,224.9735,11.175937
1500591699784,33959055,224.9834,0.0
1500591699806,33959057,224.97349999,2.797148
1500591699806,33959057,224.98339999,0.0
1500591701318,33959060,224.18918622,0.0
1500591701318,33959060,224.59102738,39.284596
1500591701372,33959062,224.59102737,2.797148
1500591701372,33959062,224.97349999,0.0
1500591701431,33959064,224.9735,0.0
1500591701431,33959064,224.9636,11.064177
1500591701455,33959065,227.0393,25.99999
1500591701601,33959068,225.94027575,0.0
1500591701601,33959068,225.47850851,0.189614
1500591701606,33959069,227.0393,0.0
1500591701892,33959072,227.0445,13.87198
1500591702938,33959080,224.9636,0.0
1500591702938,33959080,224.9537,10.953535
1500591704751,33959085,224.9438,10.843999
1500591704751,33959085,224.9537,0.0
1500591706147,33959091,226.1,1.910909
1500591706147,33959091,225.97600477,0.0
1500591706279,33959092,224.9438,0.0
1500591706279,33959092,224.9339,10.735559
1500591706409,33959093,226.23942814,0.0
1500591706409,33959093,226.05227413,45.183533
1500591706600,33959096,225.29635357,0.189614
1500591706600,33959096,225.47850851,0.0
1500591706980,33959098,224.59102738,0.0
1500591706980,33959098,224.81646559,39.284596
1500591706990,33959099,224.59102737,0.0
1500591706990,33959099,224.81646558,2.797148
1500591707452,33959105,224.924,10.628203
1500591707452,33959105,224.9339,0.0
1500591708770,33959111,224.9141,10.52192
1500591708770,33959111,224.924,0.0
1500591710250,33959120,224.9042,10.4167
1500591710250,33959120,224.9141,0.0
1500591711412,33959127,225.0131,11.63438
1500591711412,33959127,224.9042,0.0
1500591712687,33959133,226.05227413,0.0
1500591712687,33959133,226.25531856,45.183533
1500591712726,33959134,225.0032,11.518036
1500591712726,33959134,225.0131,0.0
1500591713545,33959139,225.29635357,0.0
1500591713545,33959139,225.65648757,0.189614
1500591714663,33959143,225.0032,0.0
1500591714663,33959143,224.9933,11.402855
1500591715909,33959151,226.2454,11.63438
1500591715909,33959151,224.9933,0.0
1500591715984,33959153,227.0445,0.0
1500591716118,33959155,226.2426,12.12801
1500591716189,33959156,226.2357,13.87198
1500591716341,33959157,225.99837498,45.183533
1500591716341,33959157,226.25531856,0.0
1500591717282,33959163,225.0131,11.63438
1500591717282,33959163,226.2454,0.0
1500591717869,33959166,225.65648757,0.0
1500591717869,33959166,225.24082093,0.189614
1500591719434,33959169,270,67.249
1500591719608,33959173,225.0032,11.518036
1500591719608,33959173,225.0131,0.0
1500591720763,33959176,225.0032,0.0
1500591720763,33959176,224.9933,11.402855
1500591722057,33959181,224.55732946,26.402665
1500591722227,33959182,224.9834,11.288826
1500591722227,33959182,224.9933,0.0
1500591722363,33959183,225.78579802,45.183533
1500591722363,33959183,225.99837498,0.0
1500591723816,33959191,224.9735,11.175937
1500591723816,33959191,224.9834,0.0
1500591725600,33959196,224.9735,0.0
1500591725600,33959196,224.9636,11.064177
1500591726256,33959201,226.2426,0.0
1500591726334,33959202,225.52454666,45.183533
1500591726334,33959202,225.78579802,0.0
1500591726335,33959203,226.2357,0.0
1500591726407,33959204,227.042,25.99999
1500591726861,33959208,224.9636,0.0
1500591726861,33959208,224.9537,10.953535
1500591727714,33959211,225.01757366,0.189614
1500591727714,33959211,225.24082093,0.0
1500591727892,33959212,224.9438,10.843999
1500591727892,33959212,224.9537,0.0
1500591728217,33959213,224.55732946,0.0
1500591729487,33959218,227.04199999,4.472429
1500591729629,33959220,224.9438,0.0
1500591729629,33959220,224.9339,10.735559
1500591729713,33959224,225.01757366,0.0
1500591729713,33959224,225.23992443,0.189614
1500591730331,33959225,225.17753375,45.183533
1500591730331,33959225,225.52454666,0.0
1500591730802,33959230,225.0131,11.63438
1500591730802,33959230,224.9339,0.0
1500591732604,33959235,225.0032,11.518036
1500591732604,33959235,225.0131,0.0
1500591733840,33959240,225.0032,0.0
1500591733840,33959240,224.9933,11.402855
1500591734963,33959246,256.54,0.0
1500591735021,33959247,257.15,0.0
1500591735145,33959249,224.9834,11.288826
1500591735145,33959249,224.9933,0.0
1500591735447,33959251,225.17753375,0.0
1500591735447,33959251,225.59811898,45.183533
1500591736408,33959257,224.9735,11.175937
1500591736408,33959257,224.9834,0.0
1500591736584,33959260,227.042,0.0
1500591736864,33959261,227.03999999,25.99999
1500591738629,33959266,224.9735,0.0
1500591738629,33959266,225.0131,11.63438
1500591738915,33959268,225.23992443,0.0
1500591738915,33959268,225.02044435,0.189614
1500591738915,33959269,225.02301711,0.0
1500591739772,33959275,225.18138173,45.183533
1500591739772,33959275,225.59811898,0.0
1500591739876,33959277,225.0032,11.518036
1500591739876,33959277,225.0131,0.0
1500591741705,33959283,225.0032,0.0
1500591741705,33959283,225.1714,11.63438
1500591743041,33959287,225.02044435,0.0
1500591743041,33959287,224.82282617,0.189614
1500591743214,33959289,225.1615,11.518036
1500591743214,33959289,225.1714,0.0
1500591744472,33959293,225.58914371,45.183533
1500591744472,33959293,225.18138173,0.0
1500591744642,33959294,225.1516,11.402855
1500591744642,33959294,225.1615,0.0
1500591745934,33959300,227.03999999,0.0
1500591745951,33959302,223.73411485,2.900485
1500591746031,33959303,225.1516,0.0
1500591746031,33959303,225.1417,11.288826
1500591746422,33959306,223.73411485,2.800485
1500591746537,33959307,225.14960455,0.189614
1500591746537,33959307,224.82282617,0.0
1500591746568,33959308,223.73411484,0.620312
1500591746577,33959309,223.73411485,0.0
1500591746577,33959309,223.73411483,2.800485
1500591747726,33959312,249.2,81.29
1500591747897,33959313,225.1417,0.0
1500591747897,33959313,225.1318,11.175937
1500591747963,33959314,224.37782814,26.467075
1500591748239,33959317,227.04199999,0.0
1500591748449,33959319,223.73411482,0.620312
1500591748449,33959319,223.73411484,0.0
1500591748615,33959320,223.73411481,2.800485
1500591748615,33959320,223.73411483,0.0
1500591748912,33959321,227.04199998,4.472429
1500591748912,33959322,227.0483,0.0
1500591749088,33959323,225.1318,0.0
1500591749088,33959323,224.3679,12.0
1500591749105,33959325,247.43,43.54
1500591749491,33959326,223.73411482,0.0
1500591749491,33959326,223.7341148,0.620312
1500591749533,33959327,223.73411479,2.800485
1500591749533,33959327,223.73411481,0.0
1500591749704,33959328,225.5891,107.546
1500591750536,33959329,223.73411478,0.620312
1500591750536,33959329,223.7341148,0.0
1500591750547,33959330,223.73411479,0.0
1500591750547,33959330,223.73411477,2.800485
1500591750706,33959331,224.3679,0.0
1500591750706,33959331,224.358,11.88
1500591752459,33959335,225.58914371,0.0
1500591752459,33959335,225.0863484,45.183533
1500591752526,33959336,223.73411478,0.0
1500591752526,33959336,223.73411476,0.620312
1500591752536,33959337,223.73411477,0.0
1500591752536,33959337,223.73411475,2.800485
1500591752634,33959338,224.358,0.0
1500591752634,33959338,224.3481,11.7612
1500591752939,33959340,223.73411486,0.0
1500591753541,33959341,225.14960455,0.0
1500591753541,33959341,224.96579914,0.189614
1500591753677,33959342,223.73411474,0.620312
1500591753677,33959342,223.73411476,0.0
1500591753690,33959343,223.73411473,2.800485
1500591753690,33959343,223.73411475,0.0
1500591753847,33959345,224.3382,11.643588
1500591753847,33959345,224.3481,0.0
1500591754379,33959346,247.43,0.0
1500591754379,33959346,249.02,53.12
1500591755573,33959347,223.73411472,0.620312
1500591755573,33959347,223.73411474,0.0
1500591755584,33959348,223.73411473,0.0
1500591755584,33959348,223.73411471,2.800485
1500591755745,33959349,224.3283,11.527152
1500591755745,33959349,224.3382,0.0
1500591757244,33959351,224.3283,0.0
1500591757244,33959351,224.3184,11.41188
1500591757448,33959352,223.7341147,0.620312
1500591757448,33959352,223.73411472,0.0
1500591757458,33959353,223.73411471,0.0
1500591757458,33959353,223.73411469,2.800485
1500591757531,33959354,224.96579914,0.0
1500591757531,33959354,224.61217147,0.189614
1500591758614,33959359,226.1,0.0
1500591758614,33959359,225.08634839,1.910909
1500591758788,33959360,224.3184,0.0
1500591758788,33959360,224.3085,11.297761
1500591759538,33959361,223.7341147,0.0
1500591759538,33959361,223.73411468,0.620312
1500591759549,33959362,223.73411469,0.0
1500591759549,33959362,223.73411467,2.800485
1500591759891,33959363,225.5866,7.27612
1500591760060,33959366,224.2986,11.184783
1500591760060,33959366,224.3085,0.0
1500591760708,33959367,223.73411468,0.0
1500591760708,33959367,223.73411466,0.620312
1500591760722,33959368,223.73411465,2.800485
1500591760722,33959368,223.73411467,0.0
1500591761192,33959371,224.2887,11.072935
1500591761192,33959371,224.2986,0.0
1500591761471,33959372,225.0863484,0.0
1500591761471,33959372,225.31996538,45.183533
1500591761630,33959373,223.73411464,0.620312
1500591761630,33959373,223.73411466,0.0
1500591761639,33959374,223.73411463,2.800485
1500591761639,33959374,223.73411465,0.0
1500591762014,33959377,225.5843,18.35639
1500591762019,33959378,224.37782814,0.0
1500591762019,33959378,224.5601677,26.467075
1500591762674,33959379,223.73411462,0.620312
1500591762674,33959379,223.73411464,0.0
1500591762685,33959380,223.73411461,2.800485
1500591762685,33959380,223.73411463,0.0
1500591762847,33959381,224.2788,10.962205
1500591762847,33959381,224.2887,0.0
1500591762962,33959382,225.5843,0.0
1500591763095,33959383,225.5801,18.1461
1500591764565,33959386,223.7341146,0.620312
1500591764565,33959386,223.73411462,0.0
1500591764581,33959387,223.73411459,2.800485
1500591764581,33959387,223.73411461,0.0
1500591764777,33959388,224.2689,10.852582
1500591764777,33959388,224.2788,0.0
1500591765097,33959389,225.24244846,0.189614
1500591765097,33959389,224.61217147,0.0
1500591765614,33959390,223.73411458,0.620312
1500591765614,33959390,223.7341146,0.0
1500591765624,33959391,223.73411457,2.800485
1500591765624,33959391,223.73411459,0.0
1500591765677,33959392,225.5866,0.0
1500591765755,33959393,225.5801,0.0
1500591765848,33959394,225.5858,3.88278
1500591765925,33959395,224.2689,0.0
1500591765925,33959395,224.259,10.744056
1500591766490,33959397,225.5858,0.0
1500591766570,33959398,225.5779,3.84816
1500591766649,33959399,225.5779,0.0
1500591766866,33959401,225.5839,3.84256
1500591767047,33959402,224.2491,10.636615
1500591767047,33959402,224.259,0.0
1500591767360,33959403,225.11230584,45.183533
1500591767360,33959403,225.31996538,0.0
1500591767448,33959404,227.04199998,0.0
1500591767501,33959405,223.73411458,0.0
1500591767501,33959405,223.73411456,0.620312
1500591767510,33959406,223.73411455,2.800485
1500591767510,33959406,223.73411457,0.0
1500591768068,33959409,225.5839,0.0
1500591768216,33959411,224.2491,0.0
1500591768216,33959411,224.2392,10.530248
1500591768297,33959412,225.5804,5.28531
1500591769591,33959414,223.73411454,0.620312
1500591769591,33959414,223.73411456,0.0
1500591769601,33959415,223.73411453,2.800485
1500591769601,33959415,223.73411455,0.0
1500591769737,33959416,225.5804,0.0
1500591769742,33959417,224.2293,10.424945
1500591769742,33959417,224.2392,0.0
1500591769810,33959418,225.5814,5.15268
1500591770944,33959421,224.89549691,0.189614
1500591770944,33959421,225.24244846,0.0
1500591771097,33959422,224.2194,10.320695
1500591771097,33959422,224.2293,0.0
1500591771367,33959423,225.32429162,45.183533
1500591771367,33959423,225.11230584,0.0
1500591771568,33959424,223.73411454,0.0
1500591771568,33959424,223.73411452,0.620312
1500591771579,33959425,223.73411453,0.0
1500591771579,33959425,223.73411451,2.800485
1500591772848,33959428,225.5814,0.0
1500591772881,33959429,224.2095,10.217488
1500591772881,33959429,224.2194,0.0
1500591773550,33959430,223.7341145,0.620312
1500591773550,33959430,223.73411452,0.0
1500591773583,33959431,223.73411449,2.800485
1500591773583,33959431,223.73411451,0.0
1500591774698,33959432,223.73411448,0.620312
1500591774698,33959432,223.7341145,0.0
1500591774818,33959433,223.73411449,0.0
1500591774818,33959433,223.73411447,2.800485
1500591774867,33959434,224.1996,10.115313
1500591774867,33959434,224.2095,0.0
1500591776565,33959440,224.1996,0.0
1500591776565,33959440,224.1897,10.014159
1500591776593,33959441,223.73411446,0.620312
1500591776593,33959441,223.73411448,0.0
1500591776593,33959442,224.89549691,0.0
1500591776593,33959442,225.15859866,0.189614
1500591776860,33959443,223.73411445,2.800485
1500591776860,33959443,223.73411447,0.0
1500591777334,33959444,225.04241274,45.183533
1500591777334,33959444,225.32429162,0.0
1500591777889,33959446,224.1897,0.0
1500591777889,33959446,224.1798,9.914017
1500591778629,33959449,223.73411446,0.0
1500591778629,33959449,223.73411444,0.620312
1500591778630,33959450,223.73411445,0.0
1500591778630,33959450,223.73411443,2.800485
1500591779183,33959453,224.1699,9.814876
1500591779183,33959453,224.1798,0.0
1500591780000,33959456,224.29604931,26.467075
1500591780000,33959456,224.5601677,0.0
1500591780578,33959458,223.73411442,0.620312
1500591780578,33959458,223.73411444,0.0
1500591780630,33959459,223.73411443,0.0
1500591780630,33959459,223.73411441,2.909494
1500591780651,33959460,225.15859866,0.0
1500591780651,33959460,224.85707414,0.189614
1500591780748,33959461,224.16,9.716727
1500591780748,33959461,224.1699,0.0
1500591780903,33959462,225.5773,2.77328
1500591781984,33959465,225.5773,0.0
1500591782155,33959466,224.16,0.0
1500591782155,33959466,224.1501,9.619559
1500591782284,33959467,225.5795,2.44344
1500591782390,33959469,224.70613349,45.183533
1500591782390,33959469,225.04241274,0.0
1500591782549,33959470,223.7341144,0.620312
1500591782549,33959470,223.73411442,0.0
1500591783065,33959471,224.51352796,26.467075
1500591783065,33959471,224.29604931,0.0
1500591783138,33959472,225.5795,0.0
1500591783205,33959473,225.5862,2.07255
1500591783308,33959474,224.1501,0.0
1500591783308,33959474,224.1402,9.523363
1500591783317,33959475,223.73411441,0.0
1500591783317,33959475,223.73411439,2.909494
1500591785557,33959478,224.1402,0.0
1500591785557,33959478,224.1303,9.428129
1500591785724,33959479,225.5862,0.0
1500591786334,33959481,225.04192548,45.183533
1500591786334,33959481,224.70613349,0.0
1500591786443,33959482,225.5814,9.67472
1500591786531,33959483,224.85707414,0.0
1500591786531,33959483,225.08200951,0.189614
1500591786702,33959484,224.1204,9.333847
1500591786702,33959484,224.1303,0.0
1500591787855,33959490,224.1105,9.240508
1500591787855,33959490,224.1204,0.0
1500591788616,33959492,223.7341144,0.0
1500591788616,33959492,223.73411438,0.620312
1500591788625,33959493,223.73411437,2.909494
1500591788625,33959493,223.73411439,0.0
1500591788788,33959494,224.18101698,8.366855
1500591788961,33959495,224.1105,0.0
1500591788961,33959495,224.1006,9.148102
1500591789187,33959498,223.73411438,0.0
1500591789187,33959498,223.73411436,0.620312
1500591789187,33959500,223.73411435,2.909494
1500591789187,33959500,223.73411437,0.0
1500591789352,33959502,223.73411436,0.0
1500591789352,33959502,223.73411434,0.620312
1500591789368,33959503,223.73411433,2.909494
1500591789368,33959503,223.73411435,0.0
1500591789564,33959504,223.73411432,0.620312
1500591789564,33959504,223.73411434,0.0
1500591789574,33959505,223.73411433,0.0
1500591789574,33959505,223.73411431,2.909494
1500591789766,33959506,223.73411432,0.0
1500591789766,33959506,223.7341143,0.620312
1500591789778,33959507,223.73411429,2.909494
1500591789778,33959507,223.73411431,0.0
1500591790048,33959508,224.51352796,0.0
1500591790048,33959508,224.14390324,26.467075
1500591790220,33959509,224.1006,0.0
1500591790220,33959509,224.0907,9.05662
1500591790651,33959511,225.04192548,0.0
1500591790651,33959511,224.65181739,45.183533
1500591790714,33959512,223.73411428,0.620312
1500591790714,33959512,223.7341143,0.0
1500591790728,33959513,223.73411427,3.109568
1500591790728,33959513,223.73411429,0.0
1500591791558,33959514,223.73411426,0.620312
1500591791558,33959514,223.73411428,0.0
1500591791571,33959515,223.73411425,3.109568
1500591791571,33959515,223.73411427,0.0
1500591791734,33959516,224.0808,8.966053
1500591791734,33959516,224.0907,0.0
1500591792173,33959517,224.32424404,26.467075
1500591792173,33959517,224.14390324,0.0
1500591792601,33959518,223.73411424,0.620312
1500591792601,33959518,223.73411426,0.0
1500591792641,33959519,223.73411425,0.0
1500591792641,33959519,223.73411423,3.109568
1500591792720,33959521,225.578,16.32527
1500591792891,33959522,224.0709,8.876392
1500591792891,33959522,224.0808,0.0
1500591793824,33959525,224.18101698,0.0
1500591793824,33959525,223.96841806,8.366855
1500591793994,33959526,223.9585,8.283185
1500591793994,33959526,224.0709,0.0
1500591794582,33959527,223.73411422,0.620312
1500591794582,33959527,223.73411424,0.0
1500591794592,33959528,223.73411423,0.0
1500591794592,33959528,223.73411421,3.109568
1500591794716,33959529,224.48882379,0.189614
1500591794716,33959529,225.08200951,0.0
1500591795229,33959532,223.9486,8.200353
1500591795229,33959532,223.9585,0.0
1500591795420,33959533,223.96162717,45.183533
1500591795420,33959533,224.65181739,0.0
1500591795630,33959534,223.7341142,0.620312
1500591795630,33959534,223.73411422,0.0
1500591795642,33959535,223.73411421,0.0
1500591795642,33959535,223.73411419,3.109568
1500591796155,33959537,224.14390324,26.467075
1500591796155,33959537,224.32424404,0.0
1500591796373,33959538,223.9387,8.118349
1500591796373,33959538,223.9486,0.0
1500591796566,33959540,225.5814,0.0
1500591796719,33959541,223.9347,9.67472
1500591797026,33959542,225.08634839,0.0
1500591797026,33959542,225.10001,1.910909
1500591797516,33959544,223.73411418,0.620312
1500591797516,33959544,223.7341142,0.0
1500591797529,33959545,223.73411417,3.109568
1500591797529,33959545,223.73411419,0.0
1500591797588,33959546,223.9387,0.0
1500591797588,33959546,223.9248,9.577972
1500591798961,33959548,223.9149,9.482192
1500591798961,33959548,223.9248,0.0
1500591799530,33959550,223.73411416,0.620312
1500591799530,33959550,223.73411418,0.0
1500591799540,33959551,223.73411415,3.109568
1500591799540,33959551,223.73411417,0.0
1500591800386,33959552,223.96162717,0.0
1500591800386,33959552,223.46295141,45.183533
1500591800403,33959553,223.73411415,0.0
1500591800403,33959553,223.4629514,3.109568
1500591800572,33959556,223.905,9.38737
1500591800572,33959556,223.9149,0.0
1500591801594,33959559,223.73411416,0.0
1500591801594,33959559,223.46295139,0.620312
1500591801603,33959560,223.4629514,0.0
1500591801603,33959560,223.46295138,3.109568
1500591801700,33959562,223.8951,9.293496
1500591801700,33959562,223.905,0.0
1500591801793,33959563,223.55332988,8.366855
1500591801793,33959563,223.96841806,0.0
1500591802639,33959564,223.46295137,0.620312
1500591802639,33959564,223.46295139,0.0
1500591802655,33959565,223.99929004,0.189614
1500591802655,33959565,224.48882379,0.0
1500591802664,33959566,223.46295136,3.109568
1500591802664,33959566,223.46295138,0.0
1500591802809,33959567,223.9248,9.577972
1500591802809,33959567,223.8951,0.0
1500591803683,33959569,223.46295137,0.0
1500591803683,33959569,223.46295135,0.620312
1500591803693,33959570,223.46295136,0.0
1500591803693,33959570,223.46295134,3.109568
1500591804515,33959572,223.9149,9.482192
1500591804515,33959572,223.9248,0.0
1500591804735,33959573,223.46295135,0.0
1500591804735,33959573,223.46295133,0.620312
1500591804744,33959574,223.46295132,3.109568
1500591804744,33959574,223.46295134,0.0
1500591805440,33959576,223.46295141,0.0
1500591805440,33959576,223.67245297,45.183533
1500591805704,33959578,223.905,9.38737
1500591805704,33959578,223.9149,0.0
1500591805966,33959579,223.78349227,32.875836
1500591805966,33959579,224.14390324,0.0
1500591806603,33959580,223.46295133,0.0
1500591806603,33959580,223.46295131,0.620312
1500591806626,33959581,223.46295132,0.0
1500591806626,33959581,223.4629513,3.109568
1500591806866,33959582,223.99929004,0.0
1500591806866,33959582,223.75546105,0.189614
1500591807038,33959583,223.8951,9.293496
1500591807038,33959583,223.905,0.0
1500591807053,33959584,223.9347,0.0
1500591808194,33959587,225.5681,12.0
