timestamp,id,price,q
1500593106267,61401475,0.08072344,0.0
1500593106430,61401477,0.08072202,0.0
1500593106495,61401478,0.08072418,94.741191
1500593106500,61401479,0.08072389,10.0
1500593108499,61401481,0.08072381,0.0
1500593109541,61401485,0.08072455,131.517971
1500593110588,61401486,0.08072418,0.0
1500593111119,61401487,0.08072492,94.759373
1500593111220,61401488,0.08016,0.0
1500593111422,61401490,0.08034,1.0
1500593112383,61401491,0.08072455,0.0
1500593112843,61401492,0.08050081,105.685459
1500593112843,61401492,0.08021808,0.0
1500593112863,61401493,0.08072529,131.477154
1500593112964,61401494,0.081369,15.452922
1500593112964,61401495,0.081369,9.540529
1500593114397,61401501,0.08072492,0.0
1500593114397,61401502,0.0807174,0.880914
1500593114397,61401502,0.08072161,0.0
1500593114513,61401503,0.08055139,280.615227
1500593114513,61401503,0.08008912,0.0
1500593114849,61401506,0.08072566,94.678697
1500593116293,61401511,0.08072529,0.0
1500593116552,61401512,0.08072603,131.441834
1500593116659,61401514,0.08072389,0.0
1500593117023,61401517,0.08016363,0.0
1500593117367,61401519,0.08035148,107.387348
1500593117434,61401520,0.08072607,10.0
1500593118167,61401522,0.07986525,528.866729
1500593118167,61401522,0.07960563,0.0
1500593118290,61401523,0.08072566,0.0
1500593118641,61401524,0.08072644,94.678697
1500593120102,61401527,0.08072603,0.0
1500593120500,61401528,0.08072681,131.441834
1500593120503,61401529,0.08055139,0.0
1500593120503,61401529,0.08064962,280.273442
1500593120957,61401530,0.08025002,0.0
1500593120957,61401530,0.08055141,1.420101
1500593122309,61401532,0.08072644,0.0
1500593122564,61401533,0.08072718,94.613211
1500593124059,61401534,0.08072681,0.0
1500593124566,61401536,0.08072755,131.573636
1500593126541,61401541,0.08072718,0.0
1500593126706,61401542,0.08035148,0.0
1500593126832,61401543,0.08072792,94.684335
1500593127827,61401546,0.08072607,0.0
1500593127899,61401547,0.08034,0.0
1500593127987,61401548,0.080728,10.0
1500593128083,61401550,0.08072755,0.0
1500593128106,61401551,0.08049,1.0
1500593128389,61401552,0.08072829,131.425023
1500593128463,61401553,0.08064962,0.0
1500593128463,61401553,0.08074643,279.937411
1500593130577,61401557,0.08072792,0.0
1500593131043,61401558,0.0807468,94.56718
1500593131463,61401559,0.08,0.0
1500593132148,61401563,0.08072829,0.0
1500593132374,61401565,0.08074717,131.300587
1500593133931,61401568,0.08050081,0.0
1500593133931,61401568,0.0805815,105.579632
1500593134414,61401569,0.081369,15.452922
1500593134724,61401571,0.0807468,0.0
1500593134944,61401572,0.08074754,94.604808
1500593134980,61401573,0.07986525,0.0
1500593134980,61401573,0.0801158,527.212779
1500593136249,61401574,0.08074717,0.0
1500593136865,61401575,0.08049,0.0
1500593137176,61401576,0.08074791,131.218563
1500593137177,61401577,0.08050091,106.935186
1500593138191,61401578,0.08047,1.0
1500593138815,61401579,0.08035138,0.0
1500593138815,61401579,0.0804773,28.428618
1500593139242,61401580,0.080728,0.0
1500593139243,61401581,0.08082816,279.65435
1500593139243,61401581,0.08074643,0.0
1500593139348,61401582,0.08074754,0.0
1500593139591,61401585,0.08074828,94.559087
1500593139613,61401586,0.08082819,0.57335
1500593139721,61401587,0.08082825,9.42665
1500593139823,61401588,0.08058152,1.41957
1500593139823,61401588,0.08055141,0.0
1500593140036,61401589,0.072,47.0
1500593140051,61401590,0.08074791,0.0
1500593140456,61401591,0.08082862,131.218563
1500593143268,61401592,0.08074828,0.0
1500593143330,61401593,0.08082825,0.0
1500593143398,61401594,0.08082872,2.38246
1500593143482,61401595,0.08082899,94.559087
1500593144037,61401596,0.08082862,0.0
1500593144330,61401597,0.08082936,131.293832
1500593144554,61401598,0.076,8.438935
1500593144665,61401599,0.081369,5.912393
1500593144824,61401601,0.08082872,0.0
1500593144911,61401602,0.081369,13.144432
1500593144965,61401603,0.08082947,1.87597
1500593145028,61401604,0.08082819,0.0
1500593145726,61401606,0.0805815,0.0
1500593145726,61401606,0.08065208,105.487237
1500593146567,61401607,0.08047,0.0
1500593146659,61401608,0.08082946,8.12403
1500593146862,61401611,0.08058,1.0
1500593147098,61401612,0.08050091,0.0
1500593147709,61401613,0.08082899,0.0
1500593147709,61401614,0.0805816,106.933985
1500593148121,61401615,0.08136937,88.320647
1500593148248,61401616,0.08082936,0.0
1500593148347,61401618,0.08082946,0.0
1500593148463,61401619,0.08136946,2.88044
1500593148477,61401620,0.08136937,219.279866
1500593148566,61401622,0.08082947,0.0
1500593148567,61401623,0.081369,7.232039
1500593149216,61401625,0.0801158,0.0
1500593149216,61401625,0.08018755,527.491544
1500593150233,61401628,0.08136942,7.11956
1500593150808,61401632,0.08136942,0.0
1500593151291,61401633,0.08136937,130.959219
1500593151873,61401634,0.0807174,0.0
1500593151873,61401634,0.08082818,0.879706
1500593152290,61401636,0.08136937,0.0
1500593152353,61401637,0.08136946,0.0
1500593152492,61401638,0.08082827,1.71822
1500593152568,61401639,0.08082853,131.253235
1500593153362,61401641,0.08082827,0.0
1500593154850,61401642,0.08136937,88.15092
1500593155083,61401643,0.08058,0.0
1500593155271,61401644,0.08066,1.0
1500593156285,61401645,0.08082853,0.0
1500593156376,61401646,0.08082816,0.0
1500593156376,61401646,0.08076153,279.885071
1500593156520,61401647,0.08047767,132.360235
1500593157241,61401649,0.0807174,1.41718
1500593157241,61401649,0.08058152,0.0
1500593158168,61401651,0.076,0.0
1500593158357,61401653,0.08136937,0.0
1500593158815,61401654,0.08002197,89.699256
1500593159118,61401655,0.08076161,3.87777
1500593159246,61401657,0.08076163,6.12223
1500593159329,61401658,0.08076163,0.0
1500593159665,61401660,0.08051347,105.668841
1500593159665,61401660,0.08065208,0.0
1500593160109,61401661,0.08071738,0.0
1500593160110,61401662,0.08076161,0.0
1500593160135,61401663,0.08047767,0.0
1500593160509,61401665,0.08076163,4.56619
1500593160509,61401666,0.08051384,132.360987
1500593160905,61401667,0.08076163,0.0
1500593161814,61401671,0.07907982,0.0
1500593162038,61401673,0.08018756,124.687
1500593162046,61401674,0.08076156,4.56561
1500593162101,61401675,0.0803547,526.747204
1500593162101,61401675,0.08018755,0.0
1500593162159,61401676,0.08076156,0.0
1500593162198,61401677,0.07830061,124.687
1500593162259,61401678,0.08076158,10.0
1500593162884,61401683,0.08018756,0.0
1500593163288,61401684,0.07830061,0.0
1500593163371,61401685,0.07986592,283.02368
1500593163371,61401685,0.08076153,0.0
1500593164006,61401686,0.08082819,124.687
1500593164033,61401688,0.08066,0.0
1500593164304,61401690,0.08062,1.0
1500593164678,61401692,0.081369,6.791272
1500593164678,61401693,0.07921795,124.687
1500593165073,61401695,0.08082819,0.0
1500593165521,61401697,0.07933338,124.687
1500593165905,61401699,0.07921795,0.0
1500593166447,61401700,0.07914945,124.687
1500593166531,61401703,0.08051347,0.0
1500593166531,61401703,0.08039709,105.821804
1500593167299,61401706,0.07933338,0.0
1500593168312,61401708,0.08076158,0.0
1500593168431,61401709,0.07914945,0.0
1500593168636,61401711,0.08076159,124.687
1500593169168,61401712,0.08051384,0.0
1500593169494,61401713,0.07907329,124.687
1500593169564,61401714,0.0803547,0.0
1500593169564,61401714,0.0799344,529.622023
1500593170046,61401715,0.08002234,133.041992
1500593170283,61401717,0.08002197,0.0
1500593170425,61401718,0.07986592,0.0
1500593170425,61401718,0.08035199,281.311596
1500593170877,61401720,0.07993477,89.737986
1500593170889,61401721,0.08082818,0.0
1500593170889,61401721,0.08136902,0.873859
1500593171589,61401722,0.08030257,105.946361
1500593171589,61401722,0.08039709,0.0
1500593171669,61401723,0.0804773,0.0
1500593171669,61401723,0.07988304,28.640102
1500593172472,61401724,0.08002234,0.0
1500593172473,61401726,0.08136902,0.769668
1500593172515,61401727,0.08062,0.0
1500593172692,61401728,0.07988341,133.385641
1500593172710,61401729,0.08043,1.0
1500593172904,61401731,0.08076159,0.0
1500593173755,61401733,0.08002198,124.687
1500593174172,61401734,0.07907329,0.0
1500593174667,61401735,0.07988304,0.0
1500593174667,61401735,0.08005151,28.579828
1500593175146,61401736,0.07832804,124.687
1500593176289,61401738,0.07988341,0.0
1500593176290,61401739,0.0807174,0.0
1500593176290,61401739,0.08136902,2.175499
1500593176324,61401741,0.08136902,1.459999
1500593176324,61401742,0.08002198,0.0
1500593176519,61401744,0.07933374,133.461275
1500593176531,61401745,0.08002292,106.316604
1500593176531,61401745,0.08030257,0.0
1500593176542,61401747,0.0744924,0.0
1500593176542,61401747,0.07373496,122.253721
1500593177195,61401750,0.0799344,0.0
1500593177195,61401750,0.07963723,531.598332
1500593177297,61401751,0.08058161,124.687
1500593178368,61401754,0.07993477,0.0
1500593178396,61401755,0.07986592,283.02368
1500593178396,61401755,0.08035199,0.0
1500593178815,61401756,0.0796376,89.848671
1500593179639,61401758,0.08136902,1.019232
1500593180143,61401760,0.08021088,106.06747
1500593180143,61401760,0.08002292,0.0
1500593180625,61401761,0.07933374,0.0
1500593180953,61401763,0.07832804,0.0
1500593180958,61401764,0.07976893,28.681072
1500593180958,61401764,0.08005151,0.0
1500593180959,61401765,0.07986629,133.461275
1500593181369,61401767,0.07903195,124.687
1500593182827,61401769,0.0796376,0.0
1500593182984,61401770,0.08021088,0.0
1500593182984,61401770,0.07978369,106.635392
1500593183243,61401772,0.07986666,89.848671
1500593183702,61401773,0.08024247,28.511815
1500593183702,61401773,0.07976893,0.0
1500593184137,61401774,0.07986629,0.0
1500593184613,61401775,0.07986703,133.428811
1500593186322,61401779,0.07986666,0.0
1500593186566,61401783,0.07978369,0.0
1500593186566,61401783,0.07957207,106.918987
1500593186573,61401784,0.07933374,90.215135
1500593188103,61401789,0.07986592,0.0
1500593188103,61401789,0.08046121,280.929737
1500593188450,61401790,0.07986703,0.0
1500593188926,61401791,0.07903232,134.691756
1500593189119,61401792,0.08043,0.0
1500593189165,61401794,0.08136902,0.0
1500593189165,61401794,0.081369,0.766545
1500593189443,61401796,0.081369,0.0
1500593189602,61401798,0.08007,1.0
1500593189823,61401800,0.08001748,28.591983
1500593189823,61401800,0.08024247,0.0
1500593190037,61401803,0.07938242,533.304712
1500593190037,61401803,0.07963723,0.0
1500593190275,61401804,0.07933374,0.0
1500593190509,61401807,0.07373496,0.0
1500593190509,61401807,0.07291467,123.629075
1500593190514,61401808,0.07903269,90.718353
1500593191533,61401818,0.07976388,106.661876
1500593191533,61401818,0.07957207,0.0
1500593192039,61401824,0.07903232,0.0
1500593192169,61401825,0.08058167,10.0
1500593192292,61401826,0.06877,602.01392
1500593192354,61401827,0.07903306,134.712999
1500593192701,61401829,0.08001748,0.0
1500593192701,61401829,0.079856,28.6498
1500593194349,61401830,0.07903269,0.0
1500593194386,61401832,0.08058161,0.0
1500593194996,61401834,0.07903343,90.898924
1500593195028,61401836,0.08002161,124.687
1500593195576,61401839,0.08046121,0.0
1500593195576,61401839,0.07994544,282.742162
1500593195579,61401842,0.07903195,0.0
1500593195579,61401843,0.08058167,0.800619
1500593195687,61401845,0.07929089,107.298141
1500593195687,61401845,0.07976388,0.0
1500593196117,61401849,0.07724042,124.687
1500593196282,61401850,0.08002161,0.0
1500593196286,61401851,0.07903306,0.0
1500593196615,61401853,0.0790338,134.712866
1500593196684,61401856,0.07770001,124.687
1500593197820,61401857,0.08058167,0.0
1500593198330,61401860,0.08007,0.0
1500593198390,61401862,0.07903343,0.0
1500593198818,61401863,0.07903417,90.898924
1500593198818,61401864,0.07992,1.0
1500593199207,61401866,0.07947233,532.701365
1500593199207,61401866,0.07938242,0.0
1500593199570,61401871,0.07929089,0.0
1500593199570,61401871,0.0793872,107.16797
1500593200088,61401872,0.0790338,0.0
1500593200357,61401873,0.07903454,134.720192
1500593202276,61401877,0.07903417,0.0
1500593202393,61401878,0.08034208,281.346295
1500593202393,61401878,0.07994544,0.0
1500593202521,61401879,0.07903491,90.898924
1500593203347,61401881,0.0805816,95.900985
1500593203574,61401884,0.0793872,0.0
1500593203574,61401884,0.07949844,107.018013
1500593204168,61401887,0.07903454,0.0
1500593204701,61401888,0.07903528,134.720118
1500593206289,61401889,0.07903491,0.0
1500593206576,61401892,0.07903565,90.898924
1500593207023,61401893,0.07947233,0.0
1500593207023,61401893,0.0793199,533.725064
1500593207451,61401894,0.07992,0.0
1500593207580,61401895,0.081235,0.440767
1500593207871,61401896,0.07912377,107.524769
1500593207871,61401896,0.07949844,0.0
1500593207923,61401898,0.07983,1.0
1500593208097,61401900,0.07903528,0.0
1500593208459,61401902,0.07969985,283.613414
1500593208459,61401902,0.08034208,0.0
1500593208530,61401903,0.07770038,135.37932
1500593209943,61401904,0.081235,0.0
1500593210306,61401906,0.07903565,0.0
1500593210841,61401907,0.07770075,91.286818
1500593212123,61401911,0.07770038,0.0
1500593212388,61401913,0.069,10.295059
1500593212449,61401914,0.07770112,136.220168
1500593212792,61401915,0.07770038,3.194588
1500593213836,61401918,0.081368,3.45442
1500593214097,61401920,0.07903198,535.669468
1500593214097,61401920,0.0793199,0.0
1500593214403,61401922,0.07961792,283.905264
1500593214403,61401922,0.07969985,0.0
1500593214725,61401924,0.07291467,0.0
1500593214725,61401924,0.07220213,132.344002
1500593215187,61401928,0.081368,3.15442
1500593216215,61401930,0.07770112,137.401756
1500593216426,61401931,0.07983,0.0
1500593216581,61401932,0.07912377,0.0
1500593216581,61401932,0.07895378,113.217116
1500593216582,61401933,0.07770075,0.0
1500593216676,61401934,0.07958,1.0
1500593216826,61401935,0.07770038,0.0
1500593217337,61401936,0.07770149,93.710618
1500593217785,61401938,0.081368,0.353645
1500593220024,61401940,0.07961792,0.0
1500593220024,61401940,0.07936,284.827956
1500593220214,61401941,0.07770112,1.181588
1500593220277,61401942,0.07915609,534.829584
1500593220277,61401942,0.07903198,0.0
1500593220277,61401943,0.07895378,0.0
1500593220277,61401943,0.078864,113.346004
1500593220277,61401944,0.0805816,94.329618
1500593220277,61401944,0.081368,0.0
1500593220722,61401946,0.07770149,0.0
1500593220722,61401947,0.07770112,0.0
1500593221326,61401950,0.07770186,136.751308
1500593221327,61401951,0.07770186,235.502866
1500593221327,61401952,0.08058164,1.32551
1500593222531,61401957,0.07770001,0.0
1500593222937,61401959,0.07886401,124.687
1500593223250,61401960,0.07770186,136.751308
1500593223513,61401961,0.07724042,0.0
1500593223513,61401962,0.07936,0.0
1500593223513,61401962,0.07983643,283.128223
1500593223583,61401963,0.07770223,98.731557
1500593223583,61401964,0.07886401,0.0
1500593224049,61401965,0.07647072,124.687
1500593224067,61401966,0.07770186,0.0
1500593224309,61401967,0.0777026,136.768638
1500593224311,61401968,0.0777015,124.687
1500593224507,61401971,0.07220213,0.0
1500593224507,61401971,0.07286399,131.141855
1500593224697,61401972,0.0795759,28.750645
1500593224697,61401972,0.079856,0.0
1500593225731,61401975,0.07853116,113.826401
1500593225731,61401975,0.078864,0.0
1500593226489,61401980,0.08058164,0.0
1500593227035,61401982,0.07969088,531.240446
1500593227035,61401982,0.07915609,0.0
1500593227035,61401983,0.0805816,0.0
1500593227190,61401984,0.08064,0.440767
1500593227302,61401989,0.07770223,0.0
1500593227636,61401991,0.07983647,1.32551
1500593227919,61401992,0.07770297,98.731557
1500593227919,61401993,0.07286399,0.0
1500593227919,61401993,0.07219537,132.356394
1500593227920,61401994,0.07983647,0.0
1500593228100,61401995,0.0795759,0.0
1500593228100,61401995,0.07943844,28.800395
1500593228624,61401998,0.0788667,113.342124
1500593228624,61401998,0.07853116,0.0
1500593229216,61402000,0.0777026,0.0
1500593229561,61402001,0.07770334,136.697426
1500593230734,61402003,0.07984311,28.654425
1500593230734,61402003,0.07943844,0.0
1500593231347,61402008,0.07770297,0.0
1500593231362,61402010,0.07929372,285.066037
1500593231362,61402010,0.07983643,0.0
1500593231660,61402011,0.07856959,113.770726
1500593231660,61402011,0.0788667,0.0
1500593231660,61402012,0.07770371,98.614119
1500593232238,61402013,0.07770334,0.0
1500593232372,61402015,0.08064,0.0
1500593232589,61402018,0.07770408,136.697426
1500593232893,61402020,0.07969091,1.32551
1500593233112,61402022,0.07969091,0.0
1500593233115,61402023,0.07958,0.0
1500593233302,61402026,0.07969094,1.32551
1500593233308,61402027,0.0794,1.0
1500593233810,61402030,0.07984311,0.0
1500593233810,61402030,0.07905335,28.940689
1500593234514,61402031,0.07219537,0.0
1500593234514,61402031,0.07314,130.646962
1500593234531,61402032,0.07856959,0.0
1500593234531,61402032,0.07873664,113.529347
1500593235325,61402034,0.07770371,0.0
1500593235483,61402035,0.07969094,0.0
1500593235685,61402037,0.07770445,98.345051
1500593236076,61402039,0.07929645,533.8829
1500593236076,61402039,0.07969088,0.0
1500593236077,61402040,0.07770408,0.0
1500593236330,61402041,0.07770482,136.259831
1500593236332,61402042,0.07962784,283.869895
1500593236332,61402042,0.07929372,0.0
1500593236383,61402043,0.0800216,0.427484
1500593236708,61402044,0.0800216,0.0
1500593237025,61402046,0.07962786,1.32551
1500593237162,61402047,0.07733272,98.231403
1500593237777,61402048,0.07873664,0.0
1500593237777,61402048,0.07924592,112.799742
1500593238615,61402053,0.07314,0.0
1500593238615,61402053,0.07220341,132.341656
1500593239312,61402057,0.07770445,0.0
1500593239733,61402059,0.07770519,98.345051
1500593240607,61402060,0.07770482,0.0
1500593240907,61402061,0.07924592,0.0
1500593240907,61402061,0.07874098,113.523089
1500593241161,61402062,0.07770556,135.93556
1500593243404,61402064,0.07770519,0.0
1500593243536,61402066,0.07874098,0.0
1500593243536,61402066,0.07844243,113.955155
1500593243638,61402067,0.07770593,98.345051
1500593244207,61402068,0.07770556,0.0
1500593244387,61402069,0.07962784,0.0
1500593244387,61402069,0.07900291,286.115367
1500593244603,61402070,0.0777063,136.046768
1500593246598,61402073,0.07844243,0.0
1500593246598,61402073,0.0788051,113.430721
1500593246676,61402074,0.07953955,39.199672
1500593246676,61402074,0.07905335,0.0
1500593246817,61402075,0.07962786,0.0
1500593247234,61402078,0.07929656,1.32551
1500593247258,61402079,0.07770593,0.0
1500593247490,61402080,0.07770667,98.111963
1500593248042,61402082,0.0777063,0.0
1500593248270,61402083,0.07770704,135.876109
1500593248370,61402084,0.07927072,285.148748
1500593248370,61402084,0.07900291,0.0
1500593249321,61402085,0.07929645,0.0
1500593249321,61402085,0.07961267,531.762327
1500593249695,61402088,0.0794,0.0
1500593250242,61402089,0.07903,1.0
1500593250703,61402092,0.07861787,113.700858
1500593250703,61402092,0.0788051,0.0
1500593251301,61402094,0.07770667,0.0
1500593251536,61402095,0.07770741,98.024021
1500593252092,61402096,0.07770704,0.0
1500593252338,61402097,0.07770778,135.876109
1500593255269,61402102,0.07770741,0.0
1500593255732,61402103,0.07770815,98.03255
1500593255732,61402104,0.07861787,0.0
1500593255732,61402104,0.07940514,112.57356
1500593256495,61402106,0.07770778,0.0
1500593257042,61402108,0.07929656,0.0
1500593257198,61402109,0.07770852,135.95445
1500593257423,61402110,0.07961273,1.32551
1500593257824,61402111,0.07914774,39.393725
1500593257824,61402111,0.07953955,0.0
1500593258551,61402113,0.07940514,0.0
1500593258551,61402113,0.07933379,112.674805
1500593258552,61402114,0.07903,0.0
1500593258826,61402117,0.07872,1.0
1500593259273,61402119,0.07770815,0.0
1500593259370,61402120,0.07927072,0.0
1500593259370,61402120,0.07912803,285.662951
1500593259662,61402121,0.07770889,98.032448
1500593260052,61402123,0.07770852,0.0
1500593260363,61402125,0.07770926,136.118254
1500593262963,61402127,0.07961267,0.0
1500593262963,61402127,0.07934365,533.565303
1500593263431,61402128,0.07770889,0.0
1500593263540,61402129,0.07940514,112.57356
1500593263540,61402129,0.07933379,0.0
1500593263952,61402130,0.07770963,98.199629
1500593264083,61402132,0.07770187,1.266772
1500593266576,61402133,0.07940514,0.0
1500593266576,61402133,0.07929602,112.728474
1500593266852,61402135,0.07905335,39.440761
1500593266852,61402135,0.07914774,0.0
1500593267409,61402137,0.07927072,285.148748
1500593267409,61402137,0.07912803,0.0
1500593267515,61402138,0.07961273,0.0
1500593267692,61402139,0.07934373,1.32551
1500593268050,61402141,0.07770926,0.0
1500593268264,61402143,0.07770187,0.0
1500593268486,61402145,0.07771,136.173111
1500593269732,61402146,0.07919844,112.867366
1500593269732,61402146,0.07929602,0.0
1500593271382,61402147,0.07927072,0.0
1500593271382,61402147,0.07885733,286.64357
1500593271383,61402148,0.07770963,0.0
1500593271610,61402149,0.07771037,98.216537
1500593272128,61402150,0.07771,0.0
1500593272363,61402151,0.07771074,136.173111
1500593272749,61402153,0.07919844,0.0
1500593272749,61402153,0.07929602,112.728474
1500593275212,61402155,0.07872,0.0
1500593275271,61402156,0.07771037,0.0
1500593275591,61402158,0.07864,1.0
1500593275778,61402159,0.07771111,98.216537
1500593276364,61402161,0.07771074,0.0
1500593276589,61402163,0.07885733,0.0
1500593276589,61402163,0.07905248,285.935957
1500593276650,61402165,0.07771148,136.196979
1500593277555,61402166,0.0791621,112.919178
1500593277555,61402166,0.07929602,0.0
1500593280486,61402173,0.07771111,0.0
1500593280731,61402174,0.07771148,137.383345
1500593281098,61402176,0.07771185,98.390254
1500593281818,61402177,0.0787089,39.613364
1500593281818,61402177,0.07905335,0.0
1500593282332,61402180,0.07878464,286.908039
1500593282332,61402180,0.07905248,0.0
1500593282559,61402181,0.0791621,0.0
1500593282559,61402181,0.078524,113.83678
1500593283855,61402184,0.07864,0.0
1500593284048,61402186,0.07771148,1.186366
1500593284049,61402187,0.07848,1.0
1500593284276,61402190,0.07771148,0.0
1500593284521,61402193,0.07771222,136.036337
1500593285716,61402200,0.0787089,0.0
1500593285716,61402200,0.07825344,39.843926
1500593287549,61402201,0.078524,0.0
1500593287549,61402201,0.07863808,113.671637
1500593287578,61402202,0.07771185,0.0
1500593287752,61402203,0.07934373,0.0
1500593287815,61402204,0.07825381,98.129221
1500593288303,61402206,0.07771222,0.0
1500593288525,61402209,0.07825381,234.165558
1500593290323,61402215,0.07878464,0.0
1500593290323,61402215,0.07902271,286.043677
1500593290759,61402217,0.07934369,1.32551
1500593291278,61402221,0.06877,484.51104
1500593291438,61402222,0.06821,101.83168
1500593291624,61402224,0.07934369,0.0
1500593291624,61402224,0.07934365,531.890813
1500593292131,61402226,0.07825381,98.129221
1500593292333,61402229,0.07825381,0.0
1500593292338,61402230,0.07848,0.0
1500593292357,61402231,0.07770187,136.492115
1500593292533,61402232,0.07834,1.0
1500593292578,61402233,0.07863808,0.0
1500593292578,61402233,0.07851905,113.843956
1500593292578,61402234,0.07825418,98.135367
1500593293013,61402235,0.07934365,0.0
1500593293013,61402235,0.07912423,535.044937
1500593294396,61402239,0.07902271,0.0
1500593294396,61402239,0.07878465,286.908003
1500593295861,61402247,0.07851905,0.0
1500593295861,61402247,0.07840276,114.012814
1500593296045,61402248,0.07770187,0.0
1500593296276,61402251,0.07834037,136.077272
1500593296283,61402252,0.07825418,0.0
1500593296552,61402253,0.07834037,234.212639
1500593297998,61402255,0.07903544,535.646017
1500593297998,61402255,0.07912423,0.0
1500593298611,61402256,0.07840276,0.0
1500593298611,61402256,0.07870172,113.57972
1500593298821,61402257,0.07825344,0.0
1500593298821,61402257,0.07852222,90.457189
1500593300489,61402260,0.07834037,98.135367
1500593300674,61402261,0.07904041,285.979622
1500593300674,61402261,0.07878465,0.0
1500593300675,61402262,0.07834037,0.0
1500593301268,61402264,0.07770187,136.249212
1500593301337,61402266,0.07834,0.0
1500593301337,61402267,0.07770187,234.533529
1500593301639,61402272,0.07855599,113.790423
1500593301639,61402272,0.07870172,0.0
1500593301723,61402274,0.07868,1.0
1500593304060,61402281,0.07770187,98.284317
1500593304285,61402282,0.06926,99.50963
1500593304304,61402283,0.07770187,0.0
1500593304309,61402284,0.07770224,136.337501
1500593304530,61402287,0.07770224,234.697324
1500593304535,61402288,0.07838811,114.034122
1500593304535,61402288,0.07855599,0.0
1500593305858,61402292,0.0756,49.75481
1500593306762,61402296,0.07870682,287.191714
1500593306762,61402296,0.07904041,0.0
1500593307343,61402299,0.06611,26.18674
1500593308038,61402301,0.07770224,98.359823
1500593308268,61402302,0.07770224,0.0
1500593308270,61402303,0.07770261,136.01258
1500593308330,61402304,0.07733272,0.0
1500593308573,61402306,0.07770261,234.372403
1500593308832,61402307,0.07770234,98.225695
1500593308832,61402308,0.07876751,113.484853
1500593308832,61402308,0.07838811,0.0
1500593309039,61402309,0.07903544,0.0
1500593309039,61402309,0.07920767,534.481303
1500593312066,61402312,0.07852222,0.0
1500593312066,61402312,0.07807437,90.976069
1500593312154,61402314,0.07876751,0.0
1500593312154,61402314,0.07852821,113.830677
1500593312371,61402315,0.07770261,98.359823
1500593312723,61402316,0.0756,0.0
1500593312723,61402316,0.06923,57.85488
1500593312723,61402317,0.07770261,0.0
1500593313093,61402321,0.07770298,98.131605
1500593313093,61402322,0.07770298,234.144185
1500593313395,61402324,0.07853419,287.823005
1500593313395,61402324,0.07870682,0.0
1500593314790,61402328,0.07835188,114.086851
1500593314790,61402328,0.07852821,0.0
1500593316037,61402333,0.07770298,98.131605
1500593316305,61402335,0.07770298,0.0
1500593316305,61402337,0.07835225,136.005204
1500593316660,61402339,0.07835225,234.111429
1500593317985,61402342,0.07807437,0.0
1500593317985,61402342,0.07816958,90.865261
1500593318367,61402343,0.07770234,0.0
1500593318367,61402344,0.07868,0.0
1500593319008,61402345,0.07770271,97.758417
1500593319008,61402346,0.07842,1.0
1500593319531,61402348,0.07854358,113.808402
1500593319531,61402348,0.07835188,0.0
1500593320103,61402349,0.07835225,98.106225
1500593320333,61402350,0.0790128,286.079554
1500593320333,61402350,0.07853419,0.0
1500593320335,61402351,0.07835262,135.977889
1500593321003,61402352,0.07835225,0.0
1500593321222,61402353,0.07835299,98.108161
1500593321678,61402355,0.07816958,0.0
1500593321678,61402355,0.07839367,90.605521
1500593322532,61402356,0.07854358,0.0
1500593322532,61402356,0.07873007,113.538821
1500593323002,61402358,0.07920767,0.0
1500593323002,61402358,0.078968,536.103468
1500593324215,61402361,0.07835262,0.0
1500593324603,61402364,0.07835336,136.046656
1500593325184,61402367,0.07839367,0.0
1500593325184,61402367,0.07807437,90.976069
1500593325416,61402369,0.07835299,0.0
1500593325906,61402371,0.07873007,0.0
1500593325906,61402371,0.07839776,114.020085
1500593326100,61402372,0.07839404,98.09509
1500593326573,61402376,0.0790128,0.0
1500593326573,61402376,0.0787152,287.16114
1500593327490,61402379,0.07842,0.0
1500593327717,61402382,0.07829,1.0
1500593327994,61402384,0.07770271,0.0
1500593328290,61402386,0.07835336,0.0
1500593328522,61402387,0.07839813,135.677219
1500593329284,61402389,0.07839404,0.0
1500593330161,61402390,0.0783985,98.09509
1500593332093,61402391,0.07839813,0.0
1500593332355,61402392,0.07839887,135.677219
1500593333269,61402393,0.0783985,0.0
1500593333501,61402394,0.0777015,0.0
1500593333539,61402395,0.07839924,97.883826
1500593333917,61402396,0.07829001,124.687
1500593335967,61402398,0.07829,0.0
1500593336080,61402400,0.07839887,0.0
1500593336176,61402402,0.07825,1.0
1500593336474,61402404,0.07839961,135.637721
1500593337470,61402406,0.07839924,0.0
1500593337470,61402408,0.0787152,0.0
1500593337470,61402408,0.07863584,287.450946
1500593337617,61402410,0.07851167,122.559422
1500593337617,61402410,0.07839776,0.0
1500593337666,61402411,0.07807437,0.0
1500593337666,61402411,0.07816012,90.876259
1500593337691,61402412,0.07839998,97.864668
1500593338044,61402415,0.0777016,97.759363
1500593339914,61402420,0.07839784,122.737373
1500593339914,61402420,0.07851167,0.0
1500593340191,61402422,0.07839961,0.0
1500593340688,61402423,0.07851204,135.665405
1500593341709,61402424,0.07839998,0.0
1500593341937,61402425,0.07851241,97.881098
1500593342592,61402426,0.07847393,122.618364
1500593342592,61402426,0.07839784,0.0
1500593344068,61402427,0.07851204,0.0
1500593344295,61402428,0.07829038,136.156956
1500593345258,61402429,0.07851241,0.0
1500593345636,61402430,0.07829075,98.075608
1500593345898,61402431,0.07816012,0.0
1500593345898,61402431,0.07836303,90.640948
1500593346446,61402433,0.07863584,0.0
1500593346446,61402433,0.0784176,288.250935
1500593346542,61402434,0.07847393,0.0
1500593346542,61402434,0.07836895,122.782619
1500593348314,61402444,0.07829038,0.0
1500593348817,61402445,0.07836932,135.961349
1500593349261,61402448,0.07829075,0.0
1500593349959,61402449,0.07841797,98.075608
1500593350930,61402450,0.07829001,0.0
1500593351640,61402451,0.07829076,124.687
1500593352700,61402454,0.07825,0.0
1500593352918,61402455,0.0782,1.0
1500593352965,61402456,0.078968,0.0
1500593352965,61402456,0.07925856,533.536569
1500593353188,61402457,0.07925856,525.178591
1500593353188,61402457,0.07933337,0.0
1500593355668,61402459,0.0781696,90.865238
1500593355668,61402459,0.07836303,0.0
1500593359313,61402471,0.07925857,0.6
1500593360039,61402472,0.07836932,0.0
1500593360271,61402473,0.07841834,135.170268
1500593361524,61402474,0.0782,0.0
1500593361525,61402475,0.07841797,0.0
1500593361840,61402476,0.0781696,0.0
1500593361840,61402476,0.07830055,90.713275
1500593361864,61402477,0.07827,1.0
1500593361864,61402478,0.07841871,97.52457
1500593364057,61402481,0.07841834,0.0
1500593364290,61402482,0.07841908,135.168755
1500593365402,61402484,0.07841871,0.0
1500593365419,61402485,0.0784176,0.0
1500593365419,61402485,0.07829955,291.90218
1500593365862,61402487,0.07841945,97.981722
1500593367106,61402490,0.07899225,531.163192
1500593367106,61402490,0.07925856,0.0
1500593367706,61402493,0.07830055,0.0
1500593367706,61402493,0.07847502,90.511596
1500593368041,61402495,0.07841908,0.0
1500593368517,61402496,0.07847539,135.813003
1500593368663,61402497,0.07817174,292.379437
1500593368663,61402497,0.07829955,0.0
1500593369503,61402499,0.07829076,0.0
1500593369527,61402500,0.07841945,0.0
1500593369879,61402506,0.07847576,97.981722
1500593370048,61402508,0.07770161,124.687
1500593370212,61402509,0.07899225,0.0
1500593370212,61402509,0.07849618,534.519968
1500593370528,61402510,0.07770161,0.0
1500593371455,61402512,0.07827001,124.687
1500593371667,61402513,0.07925857,0.0
1500593371833,61402514,0.07849619,4.5
1500593371859,61402515,0.07829955,291.90218
1500593371859,61402515,0.07817174,0.0
1500593371859,61402516,0.07822722,123.005073
1500593371859,61402516,0.07836895,0.0
1500593372254,61402518,0.07847539,0.0
1500593372480,61402519,0.07849655,135.813003
1500593372650,61402520,0.07849655,129.373815
1500593372650,61402521,0.07849619,0.0
1500593372650,61402521,0.07849656,4.5
1500593373275,61402522,0.07847576,0.0
1500593373717,61402524,0.07829992,98.170283
1500593373825,61402525,0.07822722,0.0
1500593373825,61402525,0.07832931,122.844755
1500593374702,61402527,0.07847502,0.0
1500593374702,61402527,0.07835808,90.646674
1500593376088,61402529,0.07849655,0.0
1500593376256,61402530,0.07849619,4.5
1500593376256,61402530,0.07849656,0.0
1500593376585,61402531,0.06951,38.42353
1500593376590,61402532,0.07832931,0.0
1500593376590,61402532,0.0783928,122.745264
1500593377588,61402535,0.07829992,0.0
1500593377859,61402536,0.07827001,0.0
1500593378187,61402537,0.07839317,98.071712
1500593378232,61402538,0.07827,0.0
1500593378277,61402539,0.07770161,124.687
1500593378447,61402540,0.07818,1.0
1500593378836,61402541,0.07334,21.34641
1500593378994,61402542,0.07770161,0.0
1500593379660,61402543,0.07827001,124.687
1500593379719,61402544,0.07839354,129.275515
1500593382059,61402552,0.07839317,0.0
1500593382495,61402553,0.07839391,98.071712
1500593383044,61402555,0.07839354,0.0
1500593383407,61402556,0.07839428,129.287636
1500593384546,61402557,0.0783184,122.861868
1500593384546,61402557,0.0783928,0.0
1500593384586,61402558,0.07334,0.0
1500593384586,61402558,0.0695,25.80781
1500593385264,61402560,0.0784962,0.6
1500593385433,61402561,0.07849619,0.0
1500593385433,61402561,0.07849621,4.5
1500593385558,61402562,0.07839391,0.0
1500593385783,61402563,0.07839465,98.089092
1500593386851,61402564,0.07818,0.0
1500593387170,61402565,0.07803,1.0
1500593387170,61402566,0.07839428,0.0
1500593387497,61402567,0.07839502,129.287636
1500593389494,61402572,0.07839465,0.0
1500593389852,61402573,0.07839539,98.103454
1500593391122,61402574,0.07839502,0.0
1500593391498,61402576,0.07839576,129.185504
1500593393987,61402581,0.07839539,0.0
1500593394611,61402582,0.07839613,97.992961
1500593395031,61402583,0.07839576,0.0
1500593395350,61402585,0.0777016,0.0
1500593395351,61402586,0.0783965,129.134258
1500593395405,61402587,0.07803,0.0
1500593395727,61402588,0.07797,1.0
1500593396539,61402589,0.0777001,97.761274
1500593397449,61402590,0.0784962,0.0
1500593397459,61402592,0.07840768,291.499626
1500593397459,61402592,0.07829955,0.0
1500593397615,61402593,0.07849619,4.5
1500593397615,61402593,0.07849621,0.0
1500593398050,61402594,0.0786758,533.299638
1500593398050,61402594,0.07849618,0.0
1500593398218,61402595,0.07849619,0.0
1500593398218,61402595,0.07867581,4.5
1500593398287,61402596,0.07839613,0.0
1500593398558,61402598,0.07849622,0.6
1500593398650,61402599,0.07840805,97.995387
1500593398843,61402600,0.0783184,0.0
1500593398843,61402600,0.07838784,122.75303
1500593398843,61402601,0.07835808,0.0
1500593398843,61402601,0.07845133,93.60715
1500593399038,61402603,0.0783965,0.0
1500593399300,61402604,0.07840842,129.136942
1500593401435,61402607,0.07807039,292.759001
1500593401435,61402607,0.07840768,0.0
1500593401746,61402608,0.07838784,0.0
1500593401746,61402608,0.07822964,123.001268
1500593402814,61402612,0.07840805,0.0
1500593403119,61402614,0.07849659,97.975675
1500593403120,61402615,0.07840842,0.0
1500593403440,61402618,0.07807039,0.0
1500593403440,61402618,0.07839776,291.53651
1500593403440,61402619,0.0784517,129.136942
1500593404070,61402620,0.07797,0.0
1500593404161,61402621,0.06824,152.93447
1500593404675,61402622,0.07798,1.0
1500593405948,61402624,0.07842454,122.695586
1500593405948,61402624,0.07822964,0.0
1500593406840,61402626,0.0777001,0.0
1500593407496,61402627,0.0784517,0.0
1500593408020,61402628,0.07849696,129.118261
1500593408335,61402631,0.07812,292.573085
1500593408335,61402631,0.07839776,0.0
1500593409568,61402635,0.07824103,122.983362
1500593409568,61402635,0.07842454,0.0
1500593410273,61402636,0.07849659,0.0
1500593410663,61402637,0.07849733,97.977581
1500593411467,61402638,0.07849696,0.0
1500593411642,61402639,0.07812,0.0
1500593411642,61402639,0.07834816,291.721074
1500593411725,61402640,0.0784977,129.117385
1500593412338,61402643,0.07849622,0.0
1500593412594,61402646,0.07824103,0.0
1500593412594,61402646,0.07839974,122.734398
1500593412911,61402648,0.07798,0.0
1500593413288,61402649,0.07791,1.0
1500593413325,61402650,0.07867582,0.6
1500593413491,61402651,0.07867583,4.5
1500593413491,61402651,0.07867581,0.0
1500593414364,61402652,0.07834816,0.0
1500593414364,61402652,0.07822939,292.163973
1500593414542,61402653,0.07814643,123.132239
1500593414542,61402653,0.07839974,0.0
1500593414691,61402654,0.07845133,0.0
1500593414691,61402654,0.07806346,94.072251
1500593415211,61402657,0.0784977,0.0
1500593415586,61402658,0.07827038,129.389265
1500593416352,61402660,0.07835057,291.712101
1500593416352,61402660,0.07822939,0.0
1500593416439,61402661,0.0777001,97.761274
1500593418219,61402662,0.07828998,122.906468
1500593418219,61402662,0.07814643,0.0
1500593418506,61402663,0.07849733,0.0
1500593418871,61402665,0.07835094,97.990816
1500593419114,61402666,0.07827038,0.0
1500593419354,61402668,0.07835094,227.366802
1500593419765,61402670,0.0783531,93.724504
1500593419765,61402670,0.07806346,0.0
1500593421554,61402673,0.07791,0.0
1500593422509,61402674,0.07816,1.0
1500593422510,61402675,0.07835094,129.375986
1500593422872,61402678,0.07835347,97.990816
1500593422872,61402679,0.06979,41.17
1500593423093,61402680,0.07835094,0.0
1500593423319,61402681,0.07835347,227.366802
1500593423331,61402682,0.07835057,0.0
1500593423331,61402682,0.07827872,291.979856
1500593424546,61402688,0.07077,22.87222
1500593425590,61402690,0.07867582,0.0
1500593425739,61402691,0.07806346,94.072251
1500593425739,61402691,0.0783531,0.0
1500593425758,61402694,0.07867583,0.0
1500593425758,61402694,0.07867581,4.5
1500593426296,61402697,0.07835347,129.375986
1500593426696,61402698,0.07835384,97.997591
1500593426711,61402699,0.07867584,0.6
1500593426796,61402701,0.0777001,0.0
1500593426877,61402702,0.07867585,4.5
1500593426877,61402702,0.07867581,0.0
1500593427514,61402703,0.07814653,97.754418
1500593427514,61402704,0.07835347,0.0
1500593427651,61402705,0.07827872,0.0
1500593427651,61402705,0.0780571,292.808846
1500593427733,61402706,0.07820851,123.0345
1500593427733,61402706,0.07828998,0.0
1500593427769,61402707,0.07835421,129.396494
1500593429614,61402711,0.0780571,0.0
1500593429614,61402711,0.07835309,291.702719
1500593429740,61402712,0.07077,0.0
1500593429740,61402712,0.06979,69.07411
1500593430173,61402713,0.07835421,131.860077
1500593430254,61402714,0.07835384,0.0
1500593430485,61402716,0.07835458,98.000785
1500593430998,61402717,0.07867587,0.860225
1500593431163,61402718,0.07867588,4.5
1500593431163,61402718,0.07867585,0.0
1500593431586,61402719,0.07835309,0.0
1500593431586,61402719,0.07827393,291.997723
1500593433046,61402721,0.07835421,2.463583
1500593433569,61402724,0.07835421,0.0
1500593434094,61402725,0.07835495,131.449174
1500593434313,61402727,0.07835458,0.0
1500593434354,61402728,0.07802082,292.945003
1500593434354,61402728,0.07827393,0.0
1500593434538,61402731,0.0782743,97.99361
1500593435678,61402732,0.07827392,93.819313
1500593435678,61402732,0.07806346,0.0
1500593436641,61402735,0.07806963,123.253369
1500593436641,61402735,0.07820851,0.0
1500593437458,61402738,0.07835495,0.0
1500593437892,61402739,0.07827467,131.443316
1500593438849,61402742,0.0782743,0.0
1500593438849,61402743,0.07825437,292.070709
1500593438849,61402743,0.07802082,0.0
1500593439080,61402744,0.07816,0.0
1500593439566,61402747,0.07827504,97.981771
1500593439567,61402748,0.07894116,531.506956
1500593439567,61402748,0.0786758,0.0
1500593439628,61402749,0.07811,1.0
1500593439782,61402751,0.07867588,0.0
1500593440277,61402753,0.07867584,0.0
1500593441052,61402756,0.07827467,0.0
1500593441456,61402757,0.07827541,131.424973
1500593441672,61402758,0.07839776,291.53651
1500593441672,61402758,0.07825437,0.0
1500593441673,61402759,0.07867589,0.6
1500593441720,61402760,0.07806963,0.0
1500593441720,61402760,0.07823331,122.995498
1500593442386,61402761,0.07827504,0.0
1500593442607,61402762,0.07839813,97.981771
1500593442789,61402763,0.07827392,0.0
1500593442789,61402763,0.0780704,94.063889
1500593442971,61402764,0.07925844,529.379277
1500593442971,61402764,0.07894116,0.0
1500593444570,61402773,0.07823331,0.0
1500593444570,61402773,0.07843397,122.680835
1500593445045,61402774,0.07827541,0.0
1500593445292,61402775,0.07843434,131.450916
1500593446308,61402778,0.07839813,0.0
1500593446563,61402779,0.07843471,97.983505
1500593448096,61402782,0.07811,0.0
1500593448111,61402784,0.0793497,480.173497
1500593448111,61402784,0.07925844,0.0
1500593448396,61402785,0.07818,1.0
1500593448836,61402786,0.07834816,93.730413
1500593448836,61402786,0.0780704,0.0
1500593449063,61402787,0.07843434,0.0
1500593449146,61402789,0.07867591,0.860224
1500593449146,61402789,0.07867587,0.0
1500593449304,61402790,0.07843508,131.211182
1500593450691,61402791,0.07843471,0.0
1500593451010,61402793,0.07843545,97.864425
1500593453778,61402803,0.07867589,0.0
1500593454425,61402807,0.0780743,292.744339
1500593454425,61402807,0.07839776,0.0
1500593454603,61402809,0.079329,5.077856
1500593455335,61402810,0.0793497,478.859038
1500593456715,61402811,0.07818,0.0
1500593457247,61402812,0.07833,1.0
1500593457271,61402813,0.07876392,508.325599
1500593457271,61402813,0.0793497,0.0
1500593457431,61402815,0.07836811,291.646811
1500593457431,61402815,0.0780743,0.0
1500593463336,61402822,0.07836811,0.0
1500593463336,61402822,0.07827872,291.979856
1500593465498,61402823,0.07833,0.0
1500593466021,61402825,0.0784,1.0
1500593466480,61402827,0.07827872,0.0
1500593466480,61402827,0.07807456,292.743364
1500593466703,61402830,0.07867591,0.0
1500593466703,61402830,0.07876394,0.859263
1500593468851,61402832,0.079329,0.0
1500593469016,61402833,0.07876395,4.5
1500593469237,61402834,0.07862008,508.595598
1500593469237,61402834,0.07876392,0.0
1500593470300,61402836,0.077,0.1
1500593470669,61402837,0.07807456,0.0
1500593470669,61402837,0.07835696,291.688312
1500593472551,61402840,0.07843508,0.0
1500593472796,61402843,0.07843582,136.439434
1500593472967,61402847,0.07862008,0.0
1500593472967,61402847,0.07871168,508.003725
1500593474134,61402851,0.07814653,0.0
1500593474322,61402852,0.07843545,0.0
1500593474333,61402853,0.07825709,292.722903
1500593474333,61402853,0.07835696,0.0
1500593474557,61402854,0.07843619,97.877834
1500593475758,61402856,0.0777001,100.824731
1500593476061,61402857,0.07843582,0.0
1500593476357,61402858,0.07843656,136.40933
1500593476789,61402860,0.07835709,122.801203
1500593476789,61402860,0.07843397,0.0
1500593478432,61402862,0.07899903,506.155919
1500593478432,61402862,0.07871168,0.0
1500593478432,61402863,0.07843619,0.0
1500593478527,61402864,0.07836799,292.308665
1500593478527,61402864,0.07825709,0.0
1500593478601,61402865,0.07876395,0.0
1500593478852,61402866,0.07843693,97.847717
1500593479727,61402869,0.07876396,0.6
1500593480055,61402871,0.07843656,0.0
1500593480301,61402872,0.0784373,136.352961
1500593480523,61402873,0.07899903,506.035919
1500593481465,61402874,0.07836799,0.0
1500593481465,61402874,0.07820156,292.930762
1500593481534,61402875,0.07845926,122.641291
1500593481534,61402875,0.07835709,0.0
1500593482546,61402876,0.07843693,0.0
1500593482546,61402877,0.0784,0.0
1500593483044,61402878,0.07834,1.0
1500593483044,61402879,0.07845963,97.847717
1500593483069,61402880,0.07864477,508.375959
1500593483069,61402880,0.07899903,0.0
1500593483237,61402883,0.07876397,4.5
1500593484170,61402886,0.0784373,0.0
1500593484288,61402887,0.07876399,0.859262
1500593484288,61402887,0.07876394,0.0
1500593484454,61402889,0.078764,4.5
1500593484454,61402889,0.07876397,0.0
1500593484461,61402890,0.07864514,136.289755
1500593486268,61402891,0.07845963,0.0
1500593486585,61402892,0.07820156,0.0
1500593486585,61402892,0.07830179,292.555797
1500593486630,61402893,0.07845926,0.0
1500593486630,61402893,0.07831046,122.874325
1500593486630,61402894,0.07864551,97.801218
1500593487062,61402897,0.0777001,0.0
1500593488084,61402898,0.07864514,0.0
1500593488363,61402899,0.07864588,136.289755
1500593488364,61402900,0.07830179,0.0
1500593488364,61402900,0.0781696,293.050528
1500593488846,61402901,0.07845926,122.641291
1500593488846,61402901,0.07831046,0.0
1500593489925,61402903,0.07876402,1.419381
1500593490095,61402904,0.078764,0.0
1500593490095,61402904,0.07876403,4.5
1500593490287,61402905,0.07864551,0.0
1500593490600,61402906,0.07864625,97.779341
1500593491313,61402907,0.07834,0.0
1500593491333,61402908,0.0781696,0.0
1500593491333,61402908,0.078368,292.308628
1500593491559,61402909,0.07828,1.0
1500593491779,61402910,0.07876396,0.0
1500593492064,61402911,0.07864588,0.0
1500593492294,61402913,0.07864662,136.092777
1500593492775,61402914,0.07876404,0.6
1500593492941,61402915,0.07876403,0.0
1500593492941,61402915,0.07876405,4.5
1500593494640,61402916,0.07864625,0.0
1500593494930,61402918,0.07876442,97.601257
1500593495097,61402920,0.07876405,0.0
1500593495097,61402920,0.07876443,4.5
1500593496055,61402923,0.07864662,0.0
1500593496145,61402924,0.0777001,100.824731
1500593496383,61402925,0.0787648,136.044675
1500593496629,61402926,0.07876443,0.0
1500593496629,61402926,0.07876481,4.5
1500593498273,61402927,0.07876442,0.0
1500593498859,61402929,0.07876518,97.607151
1500593499024,61402930,0.07876481,0.0
1500593499024,61402930,0.07876519,4.5
1500593499917,61402931,0.07828,0.0
1500593500049,61402932,0.0787648,0.0
1500593500243,61402933,0.07826,1.0
1500593500273,61402934,0.07876556,136.036363
1500593500440,61402935,0.07876557,4.5
1500593500440,61402935,0.07876519,0.0
1500593501210,61402936,0.07876399,0.0
1500593501210,61402936,0.07876559,0.859245
1500593501376,61402937,0.0787656,4.5
1500593501376,61402937,0.07876557,0.0
1500593502311,61402938,0.07876518,0.0
1500593502654,61402940,0.07876597,97.607151
1500593502820,61402941,0.0787656,0.0
1500593502820,61402941,0.07876598,4.5
1500593503373,61402942,0.07847712,292.185623
1500593503373,61402942,0.078368,0.0
1500593505033,61402944,0.07876556,0.0
1500593505033,61402945,0.07876404,0.0
1500593505315,61402947,0.07876635,136.049348
1500593505482,61402951,0.07876598,0.0
1500593505482,61402951,0.07876636,4.5
1500593505777,61402953,0.0777001,0.0
1500593506049,61402955,0.07876599,0.6
1500593506457,61402956,0.07876597,0.0
1500593506738,61402957,0.07876673,97.510902
1500593506887,61402958,0.07876636,0.0
1500593506887,61402958,0.07876674,4.5
1500593507283,61402959,0.07876676,1.419332
1500593507283,61402959,0.07876402,0.0
1500593507454,61402960,0.07876677,4.5
1500593507454,61402960,0.07876674,0.0
1500593508508,61402962,0.07291,131.059098
1500593508508,61402962,0.07220341,0.0
1500593508592,61402963,0.07845926,0.0
1500593508592,61402963,0.07857443,122.46153
1500593509148,61402964,0.07876635,0.0
1500593509509,61402965,0.07847712,0.0
1500593509509,61402965,0.07878355,291.049162
1500593509509,61402966,0.07876714,135.176584
1500593509687,61402967,0.07878356,4.5
1500593509687,61402967,0.07876677,0.0
1500593509922,61402968,0.07827001,0.0
1500593510252,61402969,0.07876673,0.0
1500593510347,61402970,0.07876636,124.687
1500593510477,61402971,0.07878393,96.997806
1500593510644,61402972,0.07878356,0.0
1500593510644,61402972,0.07878394,4.5
1500593510792,61402973,0.07876636,0.0
1500593511095,61402974,0.07882377,507.221494
1500593511095,61402974,0.07864477,0.0
1500593511258,61402975,0.07876678,124.687
1500593511262,61402976,0.07882378,4.5
1500593511262,61402976,0.07878394,0.0
1500593512617,61402978,0.07874443,122.19715
1500593512617,61402978,0.07857443,0.0
1500593513235,61402979,0.07876714,0.0
1500593513470,61402981,0.07882415,135.176584
1500593513654,61402982,0.07882378,0.0
1500593513654,61402982,0.07882416,4.5
1500593513800,61402984,0.07834816,0.0
1500593513800,61402984,0.07878358,93.212385
1500593514389,61402987,0.07878393,0.0
1500593514930,61402988,0.07882453,96.997806
1500593514930,61402989,0.07876678,0.0
1500593515096,61402990,0.07882416,0.0
1500593515096,61402990,0.07882454,4.5
1500593515200,61402991,0.07882377,0.0
1500593515200,61402991,0.07897083,506.276943
1500593515329,61402994,0.07882379,124.687
1500593515366,61402995,0.07882454,0.0
1500593515489,61402997,0.07847722,99.814432
1500593516578,61402999,0.07826,0.0
1500593516827,61403001,0.07889147,121.969396
1500593516827,61403001,0.07874443,0.0
1500593517048,61403003,0.07859,1.0
1500593517333,61403004,0.07882415,0.0
1500593517492,61403005,0.07878355,0.0
1500593517492,61403005,0.078864,290.752259
1500593517567,61403006,0.0789712,135.238228
1500593517782,61403007,0.07899205,92.966386
1500593517782,61403007,0.07878358,0.0
1500593517983,61403009,0.07876599,0.0
1500593518295,61403010,0.07882453,0.0
1500593518354,61403011,0.07876559,0.0
1500593518354,61403011,0.07899207,0.856781
1500593518840,61403012,0.07899242,96.997806
1500593519247,61403013,0.07882379,0.0
1500593519495,61403014,0.07647072,0.0
1500593519753,61403015,0.07897084,27.098103
1500593519872,61403016,0.07897121,124.687
1500593520415,61403017,0.07726697,124.687
1500593520415,61403018,0.07897083,0.0
1500593520415,61403018,0.07889019,506.794449
1500593520724,61403019,0.07906203,290.024
1500593520724,61403019,0.078864,0.0
1500593521258,61403021,0.0789712,0.0
1500593522246,61403022,0.07889147,0.0
1500593522246,61403022,0.07880094,122.109519
1500593522287,61403023,0.0790624,135.066113
1500593522971,61403024,0.07906243,505.690382
1500593522971,61403024,0.07889019,0.0
1500593523064,61403025,0.07899242,0.0
1500593523293,61403026,0.0790624,231.981265
1500593523940,61403027,0.07899205,0.0
1500593523940,61403027,0.0790661,92.879318
1500593524946,61403028,0.07906203,0.0
1500593524946,61403028,0.07913436,289.758914
1500593525174,61403029,0.0790624,96.915152
1500593525199,61403030,0.07880094,0.0
1500593525199,61403030,0.07889723,121.960491
1500593525281,61403031,0.07906243,0.0
1500593525281,61403031,0.07914387,505.17002
1500593525286,61403032,0.07897121,0.0
1500593525477,61403035,0.07906647,134.671094
1500593525496,61403036,0.07847722,0.0
1500593525882,61403038,0.07882463,99.809143
1500593525884,61403039,0.07906244,124.687
1500593526039,61403041,0.07876676,0.0
1500593526039,61403041,0.07914389,1.412569
1500593526258,61403042,0.0790624,0.0
1500593526487,61403044,0.07914424,96.635085
1500593527967,61403045,0.07914387,0.0
1500593527967,61403045,0.07887144,506.914929
1500593528333,61403046,0.07913436,0.0
1500593528333,61403046,0.07895241,290.426678
1500593528635,61403048,0.07914429,1.55757
1500593528635,61403049,0.07889723,0.0
1500593528635,61403049,0.07901584,121.777417
1500593529599,61403050,0.07906647,0.0
1500593529838,61403051,0.07914461,134.671146
1500593530034,61403053,0.07887144,0.0
1500593530034,61403053,0.07880504,507.342048
1500593530229,61403054,0.07906244,0.0
1500593530258,61403055,0.07914424,0.0
1500593530481,61403056,0.07914498,96.635085
1500593530531,61403057,0.07901584,0.0
1500593530531,61403057,0.0789469,121.883759
1500593530644,61403058,0.07914425,124.687
1500593531876,61403060,0.07897084,0.0
1500593532472,61403061,0.07895241,0.0
1500593532472,61403061,0.07873504,291.228482
1500593532988,61403063,0.07914499,27.038476
1500593533391,61403064,0.07914461,0.0
1500593533391,61403065,0.07859,0.0
1500593533767,61403067,0.07876,1.0
1500593533768,61403068,0.07914535,134.671146
1500593534322,61403069,0.07914498,0.0
1500593534531,61403070,0.0789469,0.0
1500593534531,61403070,0.07901582,121.777448
1500593534553,61403071,0.07914572,96.595943
1500593535355,61403072,0.07914425,0.0
1500593535583,61403074,0.07882463,0.0
1500593535920,61403077,0.07914536,124.687
1500593535920,61403078,0.07899217,99.367611
1500593536384,61403079,0.07873504,0.0
1500593536384,61403079,0.07895237,290.426825
1500593537221,61403082,0.07914535,0.0
1500593537453,61403084,0.07914609,134.628493
1500593537964,61403085,0.07880504,0.0
1500593537964,61403085,0.07918361,504.91649
1500593538031,61403086,0.07899207,0.0
1500593538031,61403086,0.07914611,0.855114
1500593538421,61403087,0.07914572,0.0
1500593539091,61403088,0.07918398,96.595943
1500593539425,61403089,0.07914429,0.0
1500593539528,61403090,0.07918401,1.55757
1500593540437,61403091,0.07895237,0.0
1500593540437,61403091,0.07915876,289.669598
1500593540525,61403092,0.07914536,0.0
1500593540938,61403093,0.07918362,124.687
1500593541034,61403094,0.07914609,0.0
1500593541304,61403096,0.07918435,134.669614
1500593541610,61403097,0.07893271,121.90567
1500593541610,61403097,0.07901582,0.0
1500593542036,61403099,0.07876,0.0
1500593542223,61403100,0.07918401,0.0
1500593542278,61403101,0.07918398,0.0
1500593542361,61403103,0.07878,1.0
1500593542575,61403104,0.07918472,96.634099
1500593543136,61403107,0.07918437,1.411847
1500593543136,61403107,0.07914389,0.0
1500593544240,61403108,0.0790661,0.0
1500593544240,61403108,0.07913128,92.802813
1500593544639,61403109,0.07904114,121.738438
1500593544639,61403109,0.07893271,0.0
1500593545340,61403110,0.07918435,0.0
1500593545342,61403111,0.07914499,0.0
1500593545616,61403113,0.07918509,134.832108
1500593545907,61403114,0.07899217,0.0
1500593545911,61403115,0.07918362,0.0
1500593546297,61403118,0.07918472,0.0
1500593546297,61403119,0.07918473,124.687
1500593546440,61403120,0.07918473,151.711907
1500593546527,61403121,0.07918546,96.710054
1500593548845,61403125,0.07913128,0.0
1500593548845,61403125,0.07920847,92.712375
1500593549181,61403127,0.07918509,0.0
1500593549410,61403128,0.07918583,134.745182
1500593550252,61403129,0.07918546,0.0
1500593550491,61403131,0.07920884,96.62174
1500593550583,61403133,0.07878,0.0
1500593551068,61403134,0.07892,1.0
1500593551209,61403135,0.07918473,27.024907
1500593551697,61403136,0.07904114,0.0
1500593551697,61403136,0.07911057,121.631596
1500593551737,61403137,0.07920848,124.687
1500593553131,61403138,0.07918583,0.0
1500593553475,61403141,0.07920921,134.745182
1500593554254,61403142,0.07920884,0.0
1500593554482,61403144,0.07920958,96.533591
1500593555597,61403145,0.0793499,288.971835
1500593555597,61403145,0.07915876,0.0
1500593556171,61403148,0.07920848,0.0
1500593556180,61403150,0.0787801,99.426069
1500593556639,61403155,0.07920922,124.687
1500593557233,61403159,0.07920921,0.0
1500593557495,61403160,0.07914611,0.0
1500593557495,61403160,0.07934992,0.852918
1500593557664,61403161,0.07935027,134.819104
1500593558427,61403162,0.07920958,0.0
1500593558514,61403163,0.07379719,129.483505
1500593558514,61403163,0.07291,0.0
1500593558557,61403164,0.07911057,0.0
1500593558557,61403164,0.07920693,121.483624
1500593558695,61403165,0.07935064,96.533591
1500593559017,61403166,0.07918473,0.0
1500593559017,61403167,0.07918361,0.0
1500593559017,61403167,0.07928423,504.275698
1500593559273,61403169,0.07892,0.0
1500593559453,61403170,0.07904,1.0
1500593560532,61403172,0.07927187,121.384104
1500593560532,61403172,0.07920693,0.0
1500593561165,61403173,0.07935027,0.0
1500593561273,61403174,0.07920922,0.0
1500593561495,61403175,0.07935101,134.407202
1500593561495,61403176,0.07934991,26.96865
1500593561660,61403177,0.07935065,124.687
1500593562380,61403178,0.07935064,0.0
1500593562686,61403180,0.07935138,96.428333
1500593563024,61403181,0.07918437,0.0
1500593563024,61403181,0.07935103,1.408881
1500593565059,61403188,0.07935101,0.0
1500593565329,61403190,0.07935175,134.23188
1500593565692,61403192,0.0787801,0.0
1500593565946,61403193,0.07918483,99.419936
1500593566256,61403196,0.07935138,0.0
1500593566322,61403197,0.07935065,0.0
1500593566583,61403198,0.07935212,96.303689
1500593567734,61403202,0.07935139,124.687
1500593568450,61403203,0.07904,0.0
1500593568642,61403207,0.07901,1.0
1500593568845,61403208,0.07935221,2.73642
1500593569124,61403210,0.07893604,509.001615
1500593569124,61403210,0.07928423,0.0
1500593569126,61403211,0.07935175,0.0
1500593569415,61403213,0.07935249,134.19444
1500593570374,61403215,0.07935212,0.0
1500593570532,61403216,0.07935816,121.252117
1500593570532,61403216,0.07927187,0.0
1500593570666,61403217,0.07935286,96.26493
1500593571983,61403221,0.07935139,0.0
1500593572381,61403223,0.0805629,90.351092
1500593572851,61403224,0.07935221,0.0
1500593573182,61403225,0.07935249,0.0
1500593573451,61403228,0.07935853,134.194274
1500593573694,61403229,0.07936001,114.177787
1500593573694,61403229,0.07920847,0.0
1500593573835,61403230,0.07934991,0.0
1500593574297,61403231,0.07934992,0.0
1500593574297,61403231,0.08056292,0.840076
1500593574467,61403233,0.07935286,0.0
1500593574946,61403234,0.07936038,96.239291
1500593575168,61403235,0.08056291,26.562595
1500593575867,61403239,0.07918483,0.0
1500593576192,61403240,0.07935259,98.910286
1500593576250,61403241,0.08056292,0.183551
1500593576347,61403244,0.07963235,287.946873
1500593576347,61403244,0.0793499,0.0
1500593576725,61403246,0.0805629,0.0
1500593576853,61403248,0.07901,0.0
1500593577071,61403249,0.07935853,0.0
1500593577071,61403250,0.07913,1.0
1500593577472,61403251,0.07936039,124.687
1500593577519,61403252,0.07963272,134.197795
1500593578276,61403253,0.07936038,0.0
1500593578533,61403254,0.07963309,96.239291
1500593579336,61403255,0.07726697,0.0
1500593579402,61403256,0.08056293,1.387688
1500593579402,61403256,0.07935103,0.0
1500593580027,61403257,0.07801025,124.687
1500593580753,61403259,0.07945126,114.046654
1500593580753,61403259,0.07936001,0.0
1500593581073,61403260,0.07963272,0.0
1500593581375,61403261,0.07963346,134.160329
1500593581996,61403263,0.07893604,0.0
1500593581996,61403263,0.07937095,506.212561
1500593582515,61403264,0.07963309,0.0
1500593582529,61403265,0.07935816,0.0
1500593582529,61403265,0.07944303,121.122582
1500593582745,61403266,0.07963383,96.247276
1500593583363,61403267,0.07943043,288.678862
1500593583363,61403267,0.07963235,0.0
1500593583712,61403271,0.08056293,1.282831
1500593584351,61403273,0.08056293,0.0
1500593584351,61403273,0.08056292,0.0
1500593584351,61403273,0.08056291,17.911226
1500593584535,61403276,0.07944303,0.0
1500593584535,61403276,0.07933123,121.293278
1500593584713,61403277,0.07945126,0.0
1500593584713,61403277,0.07956721,113.880458
1500593585111,61403279,0.07963346,0.0
1500593585284,61403280,0.07913,0.0
1500593585438,61403281,0.0796342,133.469678
1500593585765,61403282,0.07915,1.0
1500593586413,61403284,0.07935259,0.0
1500593586424,61403285,0.07943043,0.0
1500593586424,61403285,0.07952408,288.338905
1500593586560,61403286,0.07963383,0.0
1500593586652,61403288,0.07963356,98.696609
1500593586786,61403289,0.07963457,95.770551
1500593588386,61403291,0.069,10.432869
1500593588540,61403292,0.0794105,121.172199
1500593588540,61403292,0.07933123,0.0
1500593589047,61403294,0.0796342,0.0
1500593589277,61403296,0.07963494,133.421526
1500593589603,61403299,0.08056291,17.658307
1500593590252,61403300,0.07963457,0.0
1500593590484,61403301,0.07963531,95.757463
1500593591283,61403302,0.07937095,0.0
1500593591283,61403302,0.07960103,504.749397
1500593592511,61403306,0.07952408,0.0
1500593592511,61403306,0.07968736,287.748097
1500593593378,61403307,0.07963494,0.0
1500593593735,61403308,0.07952467,120.998238
1500593593735,61403308,0.0794105,0.0
1500593593735,61403309,0.07968773,133.421526
1500593594185,61403311,0.07915,0.0
1500593594396,61403313,0.07963531,0.0
1500593594403,61403314,0.07955,1.0
1500593594816,61403316,0.0796881,95.865368
1500593597079,61403320,0.07968773,0.0
1500593597312,61403321,0.07968847,133.62567
1500593598263,61403323,0.0796881,0.0
1500593598497,61403324,0.07968884,95.86506
1500593600084,61403326,0.07960103,0.0
1500593600084,61403326,0.07952461,505.234441
1500593601051,61403330,0.08056291,0.0
1500593601170,61403331,0.07968847,0.0
1500593601437,61403334,0.07968921,133.967651
1500593601452,61403335,0.0796889,9.62128
1500593602306,61403338,0.07968884,0.0
1500593602616,61403340,0.07968958,96.111415
1500593602617,61403341,0.07955,0.0
1500593602812,61403342,0.07958,1.0
1500593603644,61403343,0.07936039,0.0
1500593604141,61403344,0.07968922,124.687
1500593604592,61403345,0.07952467,0.0
1500593604592,61403345,0.07963916,120.824289
1500593605062,61403347,0.07968921,0.0
1500593605271,61403348,0.07968995,133.943811
1500593606793,61403349,0.07968736,0.0
1500593606793,61403349,0.08003685,286.491612
1500593607177,61403350,0.07968958,0.0
1500593607481,61403352,0.07969032,96.07789
1500593608090,61403353,0.07952461,0.0
1500593608090,61403353,0.07989363,502.900818
1500593609266,61403355,0.07968995,0.0
1500593609365,61403356,0.08003685,0.0
1500593609365,61403356,0.07991155,286.940826
1500593609506,61403357,0.08003722,133.752255
1500593610093,61403360,0.07963356,0.0
1500593610259,61403362,0.07969032,0.0
1500593610331,61403363,0.07969042,98.347018
1500593610904,61403364,0.08003759,95.961529
1500593611146,61403367,0.0796889,0.0
1500593611205,61403368,0.07958,0.0
1500593611259,61403369,0.08003765,9.62128
1500593611967,61403372,0.07956,1.0
1500593613093,61403374,0.07963916,0.0
1500593613093,61403374,0.07942051,121.808386
1500593613319,61403375,0.08003722,0.0
1500593613319,61403376,0.07956721,0.0
1500593613319,61403376,0.07975998,119.956065
1500593613404,61403377,0.07968922,0.0
1500593613624,61403378,0.08003802,133.752255
1500593613906,61403379,0.08003686,124.687
1500593614278,61403380,0.08003759,0.0
1500593614513,61403381,0.08003839,95.961529
1500593614891,61403382,0.08003686,0.0
1500593614892,61403383,0.08003766,0.6
1500593615294,61403384,0.08003766,125.287
1500593617077,61403388,0.08003802,0.0
1500593617435,61403389,0.08003876,133.403167
1500593618342,61403390,0.08003839,0.0
1500593618563,61403391,0.08003913,95.961529
1500593619707,61403394,0.08003766,0.6
1500593619875,61403395,0.07969042,0.0
1500593620103,61403396,0.07976008,98.275611
1500593620129,61403397,0.08003877,124.687
1500593620418,61403398,0.07956,0.0
1500593620764,61403400,0.07958,1.0
1500593621343,61403401,0.08003876,0.0
1500593621617,61403402,0.08003765,0.0
1500593621667,61403403,0.0800395,133.306091
1500593621847,61403405,0.08003953,9.62128
1500593622270,61403407,0.08003913,0.0
1500593622818,61403408,0.0800399,95.65143
1500593622819,61403409,0.07942051,0.0
1500593622819,61403409,0.07952467,121.648844
1500593624891,61403413,0.06843,247.48112
1500593625246,61403414,0.0800395,0.0
1500593625473,61403415,0.08004027,133.154721
1500593625531,61403416,0.07952467,0.0
1500593625531,61403416,0.07981949,121.199523
1500593625593,61403417,0.08003877,0.0
1500593625999,61403418,0.08003991,124.687
1500593626428,61403419,0.0800399,0.0
1500593626654,61403420,0.08004064,95.509475
1500593627072,61403422,0.08003766,0.0
1500593628183,61403425,0.08004028,17.791533
1500593628367,61403426,0.08004066,0.848576
1500593629117,61403427,0.08004027,0.0
1500593629589,61403428,0.08004101,133.103841
1500593629725,61403430,0.07981949,0.0
1500593629725,61403430,0.07988477,121.100482
1500593629964,61403432,0.07989363,0.0
1500593629964,61403432,0.07980733,503.444632
1500593630372,61403433,0.08004064,0.0
1500593630746,61403434,0.08004138,95.4898
1500593630939,61403435,0.08003991,0.0
1500593631549,61403436,0.08004065,124.687
1500593633050,61403437,0.08004101,0.0
1500593633277,61403438,0.08004175,133.103841
1500593634254,61403439,0.08003953,0.0
1500593634299,61403440,0.08004138,0.0
1500593634665,61403442,0.08004184,9.62128
1500593634669,61403443,0.08004212,95.467702
1500593634741,61403444,0.08004177,1.401709
1500593635988,61403447,0.08004065,0.0
1500593636461,61403449,0.08004176,124.687
1500593636541,61403450,0.07988477,0.0
1500593636541,61403450,0.07981207,121.210791
1500593636666,61403451,0.07992544,119.707734
1500593636666,61403451,0.07975998,0.0
1500593637076,61403452,0.07958,0.0
1500593637347,61403453,0.07974,1.0
1500593637680,61403454,0.08004175,0.0
1500593637950,61403455,0.08004249,133.066502
1500593638252,61403456,0.08004212,0.0
1500593638616,61403457,0.08004286,95.471881
1500593639492,61403459,0.08004028,0.0
1500593639960,61403461,0.07976008,0.0
1500593640161,61403462,0.08004111,98.185806
1500593640494,61403463,0.0800425,17.79104
1500593641185,61403464,0.08004249,0.0
1500593641187,61403465,0.08004176,0.0
1500593641566,61403466,0.08004323,133.073557
1500593641649,61403467,0.08004287,124.687
1500593642725,61403468,0.08004286,0.0
1500593643251,61403469,0.0800436,95.377071
1500593643584,61403470,0.07981207,0.0
1500593643584,61403470,0.08004847,120.85283
1500593644332,61403471,0.07991155,0.0
1500593644332,61403471,0.08017575,286.152405
1500593645066,61403472,0.08004323,0.0
1500593645161,61403473,0.08004184,0.0
1500593645230,61403474,0.08017584,9.62128
1500593645290,61403475,0.08017612,132.939033
1500593646359,61403477,0.0800436,0.0
1500593646360,61403478,0.07982336,10.0
1500593646578,61403479,0.08017649,95.377071
1500593646738,61403480,0.08004287,0.0
1500593646865,61403481,0.07966371,15.0
1500593646876,61403482,0.08004066,0.0
1500593646876,61403482,0.08017651,0.847138
1500593647254,61403484,0.08017613,124.687
1500593649225,61403485,0.08017612,0.0
1500593649462,61403488,0.08017686,132.938645
1500593649967,61403491,0.07988774,502.937896
1500593649967,61403491,0.07980733,0.0
1500593650046,61403493,0.08004111,0.0
1500593650212,61403494,0.08017622,97.839312
1500593650310,61403495,0.08017649,0.0
1500593650587,61403496,0.08017723,95.381537
1500593652079,61403498,0.0800425,0.0
1500593652145,61403499,0.08004177,0.0
1500593652145,61403499,0.08017725,1.399341
1500593652541,61403500,0.08017613,0.0
1500593653187,61403502,0.08017724,17.761141
1500593653515,61403503,0.08017686,0.0
1500593653613,61403504,0.07974,0.0
1500593653772,61403505,0.0801776,132.755884
1500593653814,61403506,0.0799,1.0
1500593654014,61403507,0.08017687,124.687
1500593654281,61403509,0.08017723,0.0
1500593654515,61403510,0.08017797,95.215563
1500593654573,61403511,0.07986933,149.940774
1500593654573,61403511,0.08004847,0.0
1500593655608,61403513,0.08017584,0.0
1500593655779,61403514,0.08017799,9.62128
1500593656331,61403515,0.07991949,287.069946
1500593656331,61403515,0.08017575,0.0
1500593657209,61403516,0.0801776,0.0
1500593657711,61403518,0.08017836,132.755884
1500593657859,61403519,0.08017687,0.0
1500593658285,61403520,0.08017797,0.0
1500593658307,61403521,0.080178,124.687
1500593658543,61403522,0.08017873,95.215563
1500593661403,61403523,0.08017836,0.0
1500593661625,61403524,0.0801791,132.605283
1500593661627,61403525,0.08007765,149.550707
1500593661627,61403525,0.07986933,0.0
1500593662043,61403526,0.0799,0.0
1500593662306,61403527,0.08017873,0.0
1500593662306,61403528,0.07991,1.0
1500593662331,61403529,0.08007622,286.508076
1500593662331,61403529,0.07991949,0.0
1500593662484,61403530,0.080178,0.0
1500593662916,61403531,0.08017947,95.083487
1500593663221,61403532,0.08017874,124.687
1500593664170,61403534,0.08017651,0.0
1500593664170,61403534,0.08017949,0.847106
1500593664558,61403535,0.08029094,149.153431
1500593664558,61403535,0.08007765,0.0
1500593665191,61403536,0.0801791,0.0
1500593665476,61403538,0.08007622,0.0
1500593665476,61403538,0.08022304,285.983723
1500593665477,61403539,0.08029131,132.628314
1500593665848,61403540,0.08017724,0.0
1500593665922,61403541,0.08017799,0.0
1500593665965,61403542,0.07996611,502.444996
1500593665965,61403542,0.07988774,0.0
1500593666096,61403543,0.08029134,9.62128
1500593666324,61403544,0.08017947,0.0
1500593666550,61403545,0.08029168,95.063943
1500593667110,61403546,0.0801795,17.760641
1500593668175,61403549,0.08017874,0.0
1500593668566,61403551,0.08029169,124.687
1500593668667,61403552,0.07992544,0.0
1500593668667,61403552,0.08035883,119.062128
1500593669061,61403554,0.08029131,0.0
1500593669274,61403555,0.0803592,132.424511
1500593669719,61403556,0.08017725,0.0
1500593669719,61403556,0.08035922,1.396172
1500593670056,61403557,0.07988774,502.937896
1500593670056,61403557,0.07996611,0.0
1500593670351,61403558,0.08029168,0.0
1500593670581,61403559,0.08035957,95.063943
1500593672530,61403560,0.08029094,0.0
1500593672530,61403560,0.08008913,149.52927
1500593673151,61403561,0.0803592,0.0
1500593673590,61403562,0.08035994,132.424207
1500593673950,61403563,0.08029169,0.0
1500593674274,61403564,0.08035957,0.0
1500593674346,61403565,0.08035958,124.687
1500593674616,61403566,0.08036031,95.059786
1500593674616,61403567,0.07379719,0.0
1500593674616,61403567,0.07452,128.227574
1500593675616,61403568,0.08022304,0.0
1500593675616,61403568,0.080352,285.524737
1500593676856,61403570,0.08029134,0.0
1500593677068,61403571,0.08036033,9.62128
1500593677134,61403572,0.08035994,0.0
1500593677370,61403573,0.08036068,132.384451
1500593678269,61403574,0.08036031,0.0
1500593678892,61403575,0.08036105,94.829769
1500593678919,61403576,0.07991,0.0
1500593679268,61403578,0.0800673,501.810001
1500593679268,61403578,0.07988774,0.0
1500593679280,61403579,0.08016,1.0
1500593679326,61403580,0.08035958,0.0
1500593679373,61403581,0.0804555,285.157431
1500593679373,61403581,0.080352,0.0
1500593679710,61403582,0.08036069,124.687
1500593680572,61403584,0.0801795,0.0
1500593681041,61403585,0.08036068,0.0
1500593681269,61403586,0.08045587,132.098642
1500593681700,61403587,0.08045551,17.699711
1500593682250,61403589,0.08017949,0.0
1500593682250,61403589,0.08045589,0.844196
1500593682275,61403590,0.08036105,0.0
1500593682577,61403591,0.08020536,149.312579
1500593682577,61403591,0.08008913,0.0
1500593682577,61403592,0.08045624,94.829769
1500593684113,61403593,0.08036069,0.0
1500593684496,61403594,0.07801025,0.0
1500593684721,61403595,0.08045625,124.687
1500593684726,61403596,0.08035883,0.0
1500593684726,61403596,0.08055932,118.765815
1500593685445,61403598,0.08045587,0.0
1500593685445,61403599,0.07871996,124.687
1500593685585,61403600,0.0804555,0.0
1500593685585,61403600,0.080352,285.524737
1500593685812,61403601,0.08055969,132.09332
1500593686814,61403603,0.08045624,0.0
1500593686819,61403604,0.08020536,0.0
1500593686819,61403604,0.08037881,148.990376
1500593687296,61403605,0.08056006,94.829769
1500593687470,61403606,0.08036033,0.0
1500593687522,61403607,0.08056008,9.62128
1500593687530,61403608,0.08016,0.0
1500593687751,61403609,0.08019,1.0
1500593688196,61403610,0.08035922,0.0
1500593688196,61403610,0.0805601,1.39269
1500593688332,61403611,0.08061984,284.57615
1500593688332,61403611,0.080352,0.0
1500593689349,61403612,0.08055969,0.0
1500593689536,61403614,0.08045625,0.0
1500593689699,61403615,0.08062021,132.283379
1500593689943,61403616,0.08056009,124.687
1500593690344,61403617,0.08056006,0.0
1500593690531,61403618,0.08037881,0.0
1500593690531,61403618,0.08051274,148.742536
1500593690577,61403619,0.08062058,94.908923
1500593693116,61403620,0.08062021,0.0
1500593693432,61403621,0.08062095,132.283379
1500593693667,61403622,0.08045551,0.0
1500593694704,61403623,0.08056009,0.0
1500593694712,61403624,0.08062058,0.0
1500593694736,61403625,0.08062059,17.663469
1500593694955,61403626,0.08062132,94.882602
1500593695118,61403627,0.08062059,142.350469
1500593695573,61403628,0.08061984,0.0
1500593695573,61403628,0.08068928,284.331248
1500593696073,61403629,0.08019,0.0
1500593696424,61403631,0.0803,1.0
1500593697094,61403632,0.0800673,0.0
1500593697094,61403632,0.08017905,501.1106
1500593697245,61403633,0.08062095,0.0
1500593697918,61403634,0.08068965,132.211247
1500593697983,61403635,0.08056008,0.0
1500593698054,61403636,0.08068971,9.62128
1500593698296,61403637,0.08062132,0.0
1500593698528,61403638,0.08069002,94.882602
1500593698534,61403639,0.08071616,148.367677
1500593698534,61403639,0.08051274,0.0
1500593699648,61403640,0.08062059,17.663469
1500593699670,61403641,0.08040567,118.992769
1500593699670,61403641,0.08055932,0.0
1500593700064,61403642,0.08068972,124.687
1500593700092,61403643,0.08071618,0.841474
1500593700092,61403643,0.08045589,0.0
1500593701078,61403644,0.08017905,0.0
1500593701078,61403644,0.08040076,499.728757
1500593701787,61403645,0.08068965,0.0
1500593701836,61403646,0.08056382,284.77403
1500593701836,61403646,0.08068928,0.0
1500593702028,61403648,0.08071653,132.24666
1500593702596,61403650,0.08069002,0.0
1500593702952,61403651,0.08071653,227.130882
1500593704381,61403652,0.08056382,0.0
1500593704381,61403652,0.08069224,284.320818
1500593704532,61403653,0.08052708,148.716049
1500593704532,61403653,0.08071616,0.0
1500593704634,61403654,0.0803,0.0
1500593704832,61403655,0.08032,1.0
1500593705013,61403656,0.08068972,0.0
1500593705047,61403657,0.08071653,94.884222
1500593705554,61403658,0.0807169,132.187719
1500593705554,61403659,0.08071655,1.389991
1500593705554,61403659,0.0805601,0.0
1500593705557,61403661,0.08071654,124.687
1500593706259,61403662,0.08071653,0.0
1500593706541,61403664,0.08071727,94.853515
1500593706543,61403665,0.08052708,0.0
1500593706543,61403665,0.08038473,148.979404
1500593707362,61403666,0.08069224,0.0
1500593707362,61403666,0.08036192,285.489492
1500593708542,61403667,0.08051866,148.7316
1500593708542,61403667,0.08038473,0.0
1500593708624,61403668,0.08068971,0.0
1500593708705,61403669,0.08071729,9.62128
1500593709349,61403670,0.0807169,0.0
1500593709584,61403671,0.08071766,132.188414
1500593709919,61403672,0.08062059,0.0
1500593710481,61403673,0.08071727,0.0
1500593710481,61403674,0.08062976,284.541138
1500593710481,61403674,0.08036192,0.0
1500593710730,61403675,0.08071803,94.821013
1500593710959,61403676,0.0807173,17.642306
1500593713167,61403681,0.08032,0.0
1500593713373,61403682,0.08041,1.0
1500593713391,61403683,0.08071766,0.0
1500593713715,61403685,0.08017622,0.0
1500593713732,61403686,0.0807184,132.254558
1500593713914,61403687,0.08040577,97.6709
1500593714298,61403688,0.08071803,0.0
1500593714499,61403689,0.08071654,0.0
1500593714528,61403690,0.08071877,94.886595
1500593714906,61403691,0.08071728,124.687
1500593715526,61403692,0.08071728,0.0
1500593716077,61403693,0.08071804,124.687
1500593716116,61403694,0.08050171,499.102092
1500593716116,61403694,0.08040076,0.0
1500593716429,61403695,0.08047104,285.102363
1500593716429,61403695,0.08062976,0.0
1500593717075,61403696,0.0807184,0.0
1500593717309,61403697,0.08071914,132.254558
1500593718294,61403699,0.08071877,0.0
1500593718635,61403700,0.08051866,0.0
1500593718635,61403700,0.08043929,148.878355
1500593718638,61403701,0.08071951,94.886595
1500593718658,61403702,0.08071618,0.0
1500593718658,61403702,0.08071916,0.841443
1500593718687,61403703,0.08071729,0.0
1500593718862,61403704,0.08071962,9.62128
1500593719434,61403705,0.0801753,286.154011
1500593719434,61403705,0.08047104,0.0
1500593719965,61403706,0.08050171,0.0
1500593719965,61403706,0.08040549,499.69936
1500593720573,61403708,0.08029143,149.15252
1500593720573,61403708,0.08043929,0.0
1500593721060,61403710,0.08071914,0.0
1500593721283,61403711,0.08071999,132.3832
1500593721625,61403712,0.08041,0.0
1500593721978,61403713,0.08044,1.0
1500593721980,61403714,0.08071804,0.0
1500593722286,61403715,0.08071951,0.0
1500593722379,61403716,0.0801753,0.0
1500593722379,61403716,0.08029248,285.736394
1500593722383,61403717,0.08071915,124.687
1500593722948,61403718,0.0807173,0.0
1500593723005,61403719,0.08072036,94.969116
1500593723291,61403720,0.08050171,499.102092
1500593723291,61403720,0.08040549,0.0
1500593723645,61403723,0.08040577,0.0
1500593723895,61403725,0.08051876,97.390287
1500593723895,61403726,0.06833,159.91437
1500593723968,61403727,0.08071963,17.641797
1500593724145,61403728,0.08072038,1.389925
1500593724145,61403728,0.08071655,0.0
1500593724564,61403729,0.08037029,149.006171
1500593724564,61403729,0.08029143,0.0
1500593725146,61403731,0.08071999,0.0
1500593725687,61403736,0.08072073,132.647561
1500593726298,61403738,0.08072036,0.0
1500593726526,61403739,0.0807211,95.151854
1500593726530,61403740,0.08045139,148.855963
1500593726530,61403740,0.08037029,0.0
1500593727361,61403742,0.0804512,285.172672
1500593727361,61403742,0.08029248,0.0
1500593727964,61403743,0.08050171,0.0
1500593727964,61403743,0.08040212,499.720304
1500593729258,61403744,0.08072073,0.0
1500593729383,61403745,0.08071962,0.0
1500593729588,61403746,0.08072147,132.632676
1500593729810,61403747,0.08072115,9.62128
1500593730422,61403748,0.0807211,0.0
1500593730606,61403750,0.08037029,149.006171
1500593730606,61403750,0.08045139,0.0
1500593730786,61403751,0.08047104,118.896106
1500593730786,61403751,0.08040567,0.0
1500593730787,61403752,0.08072184,95.025124
1500593733098,61403753,0.08072147,0.0
1500593733343,61403754,0.08072221,132.632676
1500593733344,61403755,0.08062976,284.541138
1500593733344,61403755,0.0804512,0.0
1500593733659,61403756,0.08045703,148.845529
1500593733659,61403756,0.08037029,0.0
1500593733900,61403758,0.08051876,0.0
1500593733963,61403759,0.08040212,0.0
1500593733963,61403759,0.08030159,500.345907
1500593734310,61403760,0.08072184,0.0
1500593734544,61403762,0.08072258,95.283212
1500593735964,61403764,0.08045703,0.0
1500593735964,61403764,0.0803868,148.975568
1500593736432,61403765,0.08074483,284.135637
1500593736432,61403765,0.08062976,0.0
1500593736568,61403766,0.08071963,0.0
1500593736622,61403767,0.08071916,0.0
1500593736622,61403767,0.0807226,0.841407
1500593737083,61403768,0.08072221,0.0
1500593737357,61403769,0.08047141,132.79933
1500593737531,61403770,0.0803868,0.0
1500593737531,61403770,0.08016715,149.383746
1500593737577,61403771,0.08072259,0.6
1500593738282,61403773,0.08072258,0.0
1500593738860,61403775,0.08072297,95.283212
1500593739211,61403776,0.08071915,0.0
1500593739542,61403778,0.08044315,285.20121
1500593739542,61403778,0.08074483,0.0
1500593739765,61403780,0.07982337,124.687
1500593740045,61403781,0.08072115,0.0
1500593740129,61403782,0.08017456,501.138664
1500593740129,61403782,0.08030159,0.0
1500593740151,61403783,0.08072307,9.62128
1500593740779,61403785,0.08015462,119.365463
1500593740779,61403785,0.08047104,0.0
1500593741225,61403787,0.069,10.295059
1500593741531,61403788,0.08028758,149.159673
1500593741531,61403788,0.08016715,0.0
1500593742476,61403789,0.08072297,0.0
1500593742614,61403790,0.08072309,1.389878
1500593742614,61403790,0.08072038,0.0
1500593742802,61403791,0.08047178,95.339626
1500593743391,61403794,0.08044315,0.0
1500593743391,61403794,0.08074483,284.135637
1500593743556,61403796,0.07982346,98.110802
1500593744396,61403798,0.07982337,0.0
1500593745115,61403799,0.08047141,0.0
1500593745121,61403800,0.08017456,0.0
1500593745121,61403800,0.08001424,502.142767
1500593745165,61403801,0.08044001,124.687
1500593745384,61403802,0.08047215,132.804779
1500593746272,61403803,0.08047178,0.0
1500593746571,61403804,0.08072346,95.282655
1500593747412,61403805,0.08056726,284.761871
1500593747412,61403805,0.08074483,0.0
1500593747531,61403806,0.08028758,0.0
1500593747531,61403806,0.0804493,148.85983
1500593747801,61403807,0.08042159,118.969214
1500593747801,61403807,0.08015462,0.0
1500593749181,61403809,0.0801457,501.319121
1500593749181,61403809,0.08001424,0.0
1500593749227,61403810,0.08047215,0.0
1500593749806,61403811,0.08056763,132.865246
1500593750279,61403812,0.08072346,0.0
1500593750379,61403813,0.08072307,0.0
1500593750443,61403814,0.0805677,9.62128
1500593750504,61403815,0.080568,95.340895
1500593750955,61403816,0.08072259,0.0
1500593751561,61403817,0.08027268,149.187359
1500593751561,61403817,0.0804493,0.0
1500593751943,61403818,0.08072347,0.6
1500593753115,61403821,0.08056763,0.0
1500593753460,61403823,0.08056837,132.865246
1500593753478,61403824,0.08064703,284.480206
1500593753478,61403824,0.08056726,0.0
1500593754166,61403829,0.08072349,0.841398
1500593754166,61403829,0.0807226,0.0
1500593754270,61403830,0.080568,0.0
1500593754308,61403831,0.08044,0.0
1500593754675,61403833,0.0806474,95.331808
1500593754676,61403834,0.08034,1.0
1500593755037,61403835,0.08021178,500.906124
1500593755037,61403835,0.0801457,0.0
1500593755532,61403836,0.08042135,148.911566
1500593755532,61403836,0.08027268,0.0
1500593756335,61403837,0.08106624,283.009101
1500593756335,61403837,0.08064703,0.0
1500593757129,61403838,0.08056837,0.0
1500593757352,61403839,0.08064777,132.88345
1500593758175,61403842,0.0805677,0.0
1500593758429,61403843,0.0806474,0.0
1500593758884,61403845,0.08064814,95.331808
1500593759044,61403846,0.08021178,0.0
1500593759044,61403846,0.08012952,501.420349
1500593759605,61403847,0.08106626,1.383995
1500593759605,61403847,0.08072309,0.0
1500593761500,61403849,0.08064777,0.0
1500593762084,61403850,0.08064851,132.861795
1500593762390,61403851,0.08064814,0.0
1500593762535,61403852,0.08034778,149.047916
1500593762535,61403852,0.08042135,0.0
1500593762675,61403853,0.08044038,95.331995
1500593762927,61403855,0.08034,0.0
1500593763115,61403857,0.08028,1.0
1500593763668,61403860,0.06,1.35829
1500593763902,61403862,0.07982346,0.0
1500593764018,61403863,0.08106629,9.89429
1500593765052,61403869,0.08012952,0.0
1500593765052,61403869,0.08020499,500.94853
1500593765065,61403870,0.08064851,0.0
1500593765169,61403871,0.08072347,0.0
1500593765310,61403873,0.08044075,132.795519
1500593766243,61403878,0.08106627,0.6
1500593766671,61403881,0.08052906,148.712392
1500593766671,61403881,0.08034778,0.0
1500593767344,61403883,0.08106624,0.0
1500593767344,61403883,0.08064958,284.584631
1500593769076,61403884,0.08044075,0.0
1500593769374,61403885,0.08044038,0.0
1500593769375,61403886,0.08072386,132.517496
1500593769750,61403887,0.08072386,227.79023
1500593770262,61403888,0.08072386,132.517496
1500593770335,61403889,0.08064958,0.0
1500593770335,61403889,0.08057024,284.86487
1500593770489,61403890,0.08072423,95.113577
1500593771634,61403891,0.08028,0.0
1500593771993,61403893,0.08038,1.0
1500593772886,61403894,0.08072349,0.0
1500593772886,61403894,0.08106631,0.837839
1500593772966,61403895,0.08020499,0.0
1500593772966,61403895,0.08027604,500.505155
1500593773611,61403896,0.08072386,0.0
1500593773731,61403897,0.08106629,0.0
1500593773825,61403898,0.08072425,9.89429
1500593773876,61403899,0.0807246,132.379873
1500593774271,61403900,0.08072423,0.0
1500593774590,61403901,0.08044048,97.349037
1500593774590,61403902,0.08057024,0.0
1500593774590,61403902,0.08069919,284.409682
1500593774764,61403903,0.08072497,95.113577
1500593777239,61403904,0.0807246,0.0
1500593777438,61403905,0.08069919,0.0
1500593777438,61403905,0.08057222,284.85787
1500593777529,61403906,0.08072534,132.379873
1500593778281,61403907,0.08072497,0.0
1500593778281,61403908,0.08044001,0.0
1500593778535,61403909,0.08072571,94.958391
1500593778599,61403910,0.08106629,1.383994
1500593778599,61403910,0.08106626,0.0
1500593778865,61403911,0.08072498,124.687
1500593778921,61403912,0.08106627,0.0
1500593779896,61403914,0.08106632,0.6
1500593780237,61403915,0.08038,0.0
1500593780418,61403917,0.0804,1.0
1500593781064,61403918,0.08072534,0.0
1500593781382,61403919,0.08106666,132.196507
1500593784170,61403924,0.08072425,0.0
1500593784310,61403925,0.08106672,9.89429
1500593784310,61403926,0.08044048,0.0
1500593785193,61403927,0.08106666,0.0
1500593785541,61403928,0.08072608,132.389902
1500593786270,61403929,0.08072571,0.0
1500593786496,61403931,0.08106709,94.883566
1500593788631,61403932,0.0804,0.0
1500593788852,61403933,0.08045,1.0
1500593789109,61403934,0.08072608,0.0
1500593789367,61403935,0.08106746,132.223661
1500593789863,61403936,0.08106748,0.837827
1500593789863,61403936,0.08106631,0.0
1500593790268,61403937,0.08106709,0.0
1500593790538,61403938,0.08072535,94.915277
1500593790564,61403939,0.08052906,0.0
1500593790564,61403939,0.08037523,148.997013
1500593793502,61403942,0.08106632,0.0
1500593793937,61403943,0.08042169,97.372062
1500593794475,61403944,0.08106749,0.6
1500593794549,61403945,0.08106672,0.0
1500593794701,61403946,0.08106758,9.89429
1500593794825,61403947,0.08106751,1.383973
1500593794825,61403947,0.08106629,0.0
1500593797299,61403952,0.08027604,0.0
1500593797299,61403952,0.08047797,499.249321
1500593797457,61403953,0.08106746,0.0
1500593797457,61403954,0.08045,0.0
1500593797877,61403955,0.08072572,132.44555
1500593798080,61403956,0.08042,1.0
1500593798273,61403958,0.08072535,0.0
1500593798561,61403959,0.08072609,95.033005
1500593800541,61403960,0.08037523,0.0
1500593800541,61403960,0.0805841,148.61082
1500593801550,61403961,0.08072572,0.0
1500593801584,61403962,0.08057222,0.0
1500593801584,61403962,0.08074875,284.235124
1500593801796,61403964,0.08072646,132.349105
1500593802261,61403965,0.08072609,0.0
1500593802883,61403967,0.08074912,95.211926
1500593803535,61403969,0.08035085,149.042221
1500593803535,61403969,0.0805841,0.0
1500593803696,61403970,0.08042169,0.0
1500593804009,61403971,0.08072498,0.0
1500593804077,61403972,0.08047797,0.0
1500593804077,61403972,0.08034441,500.079245
1500593804332,61403973,0.08074875,0.0
1500593804332,61403973,0.08059504,284.777214
1500593804801,61403974,0.07982337,124.687
1500593804989,61403975,0.08106758,0.0
1500593805065,61403976,0.08072646,0.0
1500593805088,61403977,0.08074917,9.89429
1500593805416,61403979,0.07982337,0.0
1500593805517,61403983,0.08074949,132.684076
1500593805568,61403984,0.08035085,0.0
1500593805568,61403984,0.08049138,148.782008
1500593805860,61403985,0.08047798,124.687
1500593806304,61403986,0.08074912,0.0
1500593806437,61403987,0.08047798,0.0
1500593806539,61403988,0.08074986,95.190101
1500593806702,61403990,0.08026935,119.194852
1500593806702,61403990,0.08042159,0.0
1500593806868,61403991,0.07982337,124.687
1500593807346,61403992,0.08106749,0.0
1500593807381,61403993,0.08074099,284.262442
1500593807381,61403993,0.08059504,0.0
1500593808087,61403994,0.08106748,0.0
1500593808087,61403994,0.08074988,0.841123
1500593808312,61403995,0.08106752,0.6
1500593809275,61403999,0.08074949,0.0
1500593809723,61404000,0.08075025,132.726892
1500593810072,61404001,0.07982337,0.0
1500593810323,61404003,0.08074986,0.0
1500593810332,61404004,0.08064704,284.593594
1500593810332,61404004,0.08074099,0.0
1500593810472,61404005,0.08034442,124.687
1500593810570,61404006,0.08075062,95.209545
1500593812924,61404008,0.08026935,0.0
1500593812924,61404008,0.08043235,118.953298
1500593813084,61404009,0.08075025,0.0
1500593813315,61404010,0.08075099,132.726892
1500593814038,61404012,0.07982346,98.110802
1500593814152,61404013,0.08050725,499.067747
1500593814152,61404013,0.08034441,0.0
1500593814258,61404014,0.08075062,0.0
1500593814534,61404015,0.08042,0.0
1500593814796,61404016,0.08075136,95.209545
1500593814807,61404018,0.08031,1.0
1500593815475,61404019,0.0805504,284.935034
1500593815475,61404019,0.08064704,0.0
1500593815781,61404020,0.08074917,0.0
1500593816129,61404022,0.0807514,9.89429
1500593817101,61404025,0.08075099,0.0
1500593817475,61404026,0.08075177,132.672086
1500593818260,61404027,0.08075136,0.0
1500593818559,61404028,0.08075214,95.128327
1500593820004,61404029,0.08050725,0.0
1500593820004,61404029,0.08043534,499.513918
1500593821051,61404031,0.08075177,0.0
1500593821699,61404032,0.08055077,132.950477
1500593822123,61404033,0.08106752,0.0
1500593822814,61404035,0.08075214,0.0
1500593823033,61404036,0.08055114,95.280096
1500593823118,61404037,0.06833,0.0
1500593823958,61404040,0.07982346,0.0
1500593824014,61404041,0.08035296,500.026033
1500593824014,61404041,0.08043534,0.0
1500593824532,61404042,0.08035941,149.026345
1500593824532,61404042,0.08049138,0.0
1500593824818,61404043,0.08043235,0.0
1500593824818,61404043,0.080352,119.072249
1500593825459,61404044,0.08055077,0.0
1500593825787,61404045,0.08055151,132.834525
1500593826487,61404046,0.08055114,0.0
1500593826611,61404047,0.0807514,0.0
1500593827162,61404049,0.08055188,95.290319
1500593827259,61404051,0.08106751,0.0
1500593827259,61404051,0.08055153,1.392839
1500593827495,61404052,0.08055158,9.89429
1500593829081,61404054,0.08055151,0.0
1500593829466,61404055,0.08055225,132.968497
1500593830571,61404056,0.08055188,0.0
1500593830848,61404058,0.08027246,119.190234
1500593830848,61404058,0.080352,0.0
1500593830871,61404059,0.08055262,95.324842
1500593831097,61404060,0.08031,0.0
1500593832905,61404061,0.08029,1.0
1500593833065,61404062,0.068,0.0
1500593833561,61404063,0.08055225,0.0
1500593833562,61404064,0.08034442,0.0
1500593834205,61404066,0.07982346,98.110802
1500593834261,61404067,0.08055299,132.968497
1500593834261,61404068,0.07982337,124.687
1500593834692,61404070,0.07982337,0.0
1500593835072,61404071,0.08034443,124.687
1500593835913,61404072,0.08034443,0.0
1500593836191,61404073,0.08074989,0.6
1500593836700,61404074,0.07982337,124.687
1500593836920,61404076,0.080352,119.072249
1500593836920,61404076,0.08027246,0.0
1500593837785,61404077,0.08055299,0.0
1500593837971,61404078,0.08055158,0.0
1500593838095,61404081,0.08035978,133.155861
1500593838157,61404082,0.08055265,9.89429
1500593838369,61404084,0.08055262,0.0
1500593838599,61404086,0.08035978,228.731939
1500593839047,61404087,0.08074988,0.0
1500593839047,61404087,0.08074991,0.841122
1500593839971,61404089,0.08035296,0.0
1500593839971,61404089,0.08009273,501.650672
1500593841046,61404090,0.08035978,95.576078
1500593841109,61404092,0.08029,0.0
1500593841280,61404093,0.08036015,133.195634
1500593841317,61404094,0.08024,1.0
1500593841586,61404095,0.08035941,0.0
1500593841586,61404095,0.0802599,150.570691
1500593842277,61404096,0.08035978,0.0
1500593842577,61404097,0.08036052,95.576054
1500593843390,61404098,0.08044462,285.309707
1500593843390,61404098,0.0805504,0.0
1500593843769,61404100,0.07982346,0.0
1500593843931,61404101,0.08074991,2.230539
1500593843931,61404101,0.08055153,0.0
1500593845071,61404103,0.08036015,0.0
1500593845072,61404104,0.08029099,500.411962
1500593845072,61404104,0.08009273,0.0
1500593845479,61404105,0.08036089,133.315889
1500593845856,61404106,0.07141,79.56668
1500593846423,61404107,0.08036052,0.0
1500593846424,61404108,0.08022998,286.072999
1500593846424,61404108,0.08044462,0.0
1500593846530,61404109,0.0802599,0.0
1500593846530,61404109,0.08012202,150.829804
1500593846666,61404110,0.08044499,95.595813
1500593846923,61404111,0.07359,43.00902
1500593848588,61404113,0.07047,21.50451
1500593848862,61404114,0.08055265,0.0
1500593848862,61404115,0.08016848,119.344826
1500593848862,61404115,0.080352,0.0
1500593849117,61404116,0.08044504,9.89429
1500593849136,61404117,0.08036089,0.0
1500593849361,61404118,0.08044536,133.195339
1500593849674,61404119,0.08024,0.0
1500593849709,61404120,0.08074989,0.0
1500593849871,61404121,0.08022,1.0
1500593850270,61404122,0.08044499,0.0
1500593850536,61404123,0.08012202,0.0
1500593850536,61404123,0.08026023,150.570071
1500593850536,61404124,0.08044573,95.165615
1500593850675,61404125,0.08074992,0.6
1500593852366,61404130,0.08034208,285.673846
1500593852366,61404130,0.08022998,0.0
1500593853313,61404131,0.08044536,0.0
1500593853650,61404133,0.0804461,133.195339
1500593853682,61404135,0.07359,0.0
1500593853682,61404135,0.07141,128.89482
1500593853848,61404136,0.08009283,97.776797
1500593854398,61404137,0.08044573,0.0
1500593854817,61404138,0.08044647,95.165615
1500593854838,61404139,0.08026023,0.0
1500593854838,61404139,0.08033869,150.423022
1500593855330,61404140,0.08063968,284.619569
1500593855330,61404140,0.08034208,0.0
1500593855612,61404141,0.08074991,1.389417
1500593855612,61404141,0.08074994,0.841122
1500593855668,61404142,0.08016848,0.0
1500593855668,61404142,0.079974,119.635048
1500593857484,61404144,0.0804461,0.0
1500593857925,61404145,0.08064005,132.912498
1500593858140,61404146,0.07982337,0.0
1500593858353,61404147,0.08044647,0.0
1500593858534,61404148,0.08022,0.0
1500593858557,61404149,0.08034209,124.687
1500593858583,61404150,0.08064042,95.326487
1500593858881,61404151,0.08021,1.0
1500593859130,61404152,0.08044504,0.0
1500593859345,61404153,0.08064053,9.89429
1500593860573,61404154,0.08020931,150.665659
1500593860573,61404154,0.08033869,0.0
1500593860749,61404155,0.08074991,0.0
1500593860749,61404155,0.08074994,2.230538
1500593861100,61404156,0.08064005,0.0
1500593861960,61404157,0.08063968,0.0
1500593861960,61404157,0.08057222,284.85787
1500593861961,61404158,0.08034246,133.095169
1500593862511,61404162,0.08064042,0.0
1500593862702,61404163,0.08017119,119.340792
1500593862702,61404163,0.079974,0.0
1500593862832,61404164,0.08034283,95.576303
1500593863589,61404166,0.08005738,150.951587
1500593863589,61404166,0.08020931,0.0
1500593863724,61404167,0.08009283,0.0
1500593863800,61404168,0.08074992,0.0
1500593863956,61404169,0.08016858,97.775664
1500593863962,61404170,0.08029099,0.0
1500593865258,61404172,0.08034246,0.0
1500593865453,61404174,0.08057222,0.0
1500593865453,61404174,0.0802545,285.985595
1500593865526,61404175,0.0803432,133.195324
1500593866312,61404177,0.08034283,0.0
1500593866579,61404179,0.08016536,150.74826
1500593866579,61404179,0.08005738,0.0
1500593866579,61404180,0.08034357,95.576313
1500593868884,61404182,0.08034209,0.0
1500593869382,61404183,0.08014324,515.114895
1500593869385,61404184,0.0803432,0.0
1500593869460,61404185,0.07982337,124.687
1500593869620,61404186,0.08064053,0.0
1500593869650,61404187,0.08034394,133.196486
1500593869673,61404188,0.08017119,0.0
1500593869673,61404188,0.07995531,119.663013
1500593869694,61404189,0.0803436,9.89429
1500593870255,61404191,0.08034357,0.0
1500593870480,61404192,0.08034431,95.575463
1500593872428,61404193,0.08034433,0.845368
1500593872428,61404193,0.08074994,1.389416
1500593873263,61404196,0.08022665,514.579341
1500593873263,61404196,0.08014324,0.0
1500593873384,61404197,0.08034394,0.0
1500593873701,61404199,0.0803447,133.196486
1500593873701,61404200,0.07995531,0.0
1500593873701,61404200,0.0801536,119.366982
1500593873876,61404201,0.08016858,0.0
1500593874283,61404203,0.08034431,0.0
1500593874435,61404204,0.080352,285.638577
1500593874435,61404204,0.0802545,0.0
1500593874828,61404205,0.08034507,95.575463
1500593875231,61404206,0.08021,0.0
1500593875414,61404208,0.08011,1.0
1500593875594,61404209,0.08016536,0.0
1500593875594,61404209,0.08023627,150.615034
1500593878161,61404211,0.08035202,1.396297
1500593878161,61404211,0.08074994,0.0
1500593878177,61404213,0.0803447,0.0
1500593878389,61404214,0.08034507,0.0
1500593878398,61404215,0.08035237,133.197933
1500593878651,61404216,0.08035237,228.773995
1500593879262,61404217,0.08022665,0.0
1500593879262,61404217,0.08014566,515.099341
1500593880082,61404219,0.0803436,0.0
1500593880160,61404220,0.0803524,9.89429
1500593880412,61404221,0.0802528,285.991653
1500593880412,61404221,0.080352,0.0
1500593880679,61404222,0.08016451,150.749859
1500593880679,61404222,0.08023627,0.0
1500593880871,61404223,0.07996015,119.65577
1500593880871,61404223,0.0801536,0.0
1500593881012,61404224,0.08014566,0.0
1500593881012,61404224,0.08023519,514.52457
1500593881066,61404225,0.08035237,95.576062
1500593881518,61404226,0.08035277,133.294324
1500593882521,61404228,0.08035237,0.0
1500593883014,61404229,0.08035314,95.613521
1500593883768,61404232,0.08011,0.0
1500593884139,61404235,0.07966381,98.309825
1500593884139,61404236,0.0801,1.0
1500593885034,61404237,0.08035277,0.0
1500593885388,61404238,0.08035351,133.354198
1500593886004,61404240,0.080143,515.116438
1500593886004,61404240,0.08023519,0.0
1500593886291,61404241,0.08035314,0.0
1500593886765,61404242,0.08035388,95.613521
1500593889180,61404244,0.08035351,0.0
1500593889400,61404245,0.08016488,133.587998
1500593889895,61404246,0.0803539,0.845268
1500593889895,61404246,0.08034433,0.0
1500593890558,61404247,0.08035389,0.6
1500593890658,61404248,0.08016451,0.0
1500593890658,61404248,0.08003151,151.000382
1500593890965,61404249,0.0803524,0.0
1500593891023,61404250,0.08035395,9.89429
1500593891490,61404252,0.0802528,0.0
1500593891490,61404252,0.0799868,286.942733
1500593893964,61404258,0.07966381,0.0
1500593894258,61404259,0.0801,0.0
1500593894262,61404260,0.08035388,0.0
1500593894514,61404261,0.08016525,95.95025
1500593894670,61404262,0.08016451,150.749859
1500593894670,61404262,0.08003151,0.0
1500593894692,61404263,0.08007,1.0
1500593895368,61404264,0.0799868,0.0
1500593895368,61404264,0.08025279,285.991689
1500593895668,61404265,0.07996015,0.0
1500593895668,61404265,0.07986565,119.797351
1500593895698,61404266,0.08035397,1.396263
1500593895698,61404266,0.08035202,0.0
1500593897634,61404268,0.08016488,0.0
1500593897910,61404269,0.08016562,133.633736
1500593898332,61404270,0.08025279,0.0
1500593898332,61404270,0.08053056,285.005232
1500593901069,61404272,0.08016562,0.0
1500593901314,61404273,0.08035395,0.0
1500593901732,61404274,0.08007037,133.761835
1500593901736,61404275,0.08053063,9.89429
1500593902453,61404276,0.08016525,0.0
1500593903085,61404277,0.08007074,95.986706
1500593903129,61404278,0.08007,0.0
1500593903333,61404279,0.07993,1.0
1500593903976,61404281,0.08035389,0.0
1500593904598,61404286,0.08016451,0.0
1500593904598,61404286,0.08005849,150.949494
1500593905168,61404287,0.08007037,0.0
1500593905416,61404288,0.08007111,133.823345
1500593905497,61404289,0.07872006,99.502817
1500593906294,61404291,0.08007074,0.0
1500593906603,61404292,0.08007148,96.011005
1500593907828,61404293,0.08053065,0.843412
1500593907828,61404293,0.0803539,0.0
1500593907968,61404294,0.080143,0.0
1500593907968,61404294,0.08004498,515.74723
1500593909112,61404296,0.08007111,0.0
1500593909177,61404297,0.08053063,0.0
1500593909315,61404298,0.08053071,0.58603
1500593909339,61404299,0.08007185,133.839536
1500593910317,61404301,0.08007148,0.0
1500593910657,61404302,0.08007222,96.024942
1500593910721,61404304,0.08053071,1.26906
1500593910797,61404305,0.08053067,8.62523
1500593911966,61404306,0.07993,0.0
1500593912296,61404307,0.07987,1.0
1500593912353,61404308,0.08023395,286.058844
1500593912353,61404308,0.08053056,0.0
1500593912653,61404309,0.08005849,0.0
1500593912653,61404309,0.07995867,151.137939
1500593912940,61404310,0.07982337,0.0
1500593912945,61404311,0.07871996,0.0
1500593913143,61404312,0.08023397,1.398351
1500593913143,61404312,0.08035397,0.0
1500593913412,61404313,0.07794229,124.687
1500593913412,61404314,0.08007185,0.0
1500593913420,61404315,0.07872007,124.687
1500593913787,61404317,0.08007259,133.855253
1500593913928,61404319,0.07872007,0.0
1500593913995,61404320,0.079919,516.560226
1500593913995,61404320,0.08004498,0.0
1500593914302,61404321,0.08007222,0.0
1500593914713,61404322,0.07966372,124.687
1500593914741,61404323,0.08007296,96.024942
1500593915339,61404324,0.08023395,0.0
1500593915339,61404324,0.07993536,287.127386
1500593915883,61404325,0.07966372,0.0
1500593916405,61404327,0.07872008,124.687
1500593917123,61404330,0.07872008,0.0
1500593917123,61404331,0.08007259,0.0
1500593917423,61404333,0.08007333,133.855253
1500593917515,61404334,0.07966372,124.687
1500593917676,61404335,0.07998199,93.216437
1500593917676,61404335,0.07986565,0.0
1500593918097,61404336,0.07966372,0.0
1500593918294,61404339,0.08007296,0.0
1500593918486,61404340,0.07872008,124.687
1500593918559,61404341,0.07998236,96.157724
1500593919205,61404343,0.07872008,0.0
1500593919414,61404344,0.08053071,0.68303
1500593919915,61404346,0.07966372,124.687
1500593920093,61404347,0.08053071,0.0
1500593920393,61404349,0.07966372,0.0
1500593920572,61404350,0.07987,0.0
1500593920724,61404351,0.07985602,93.363482
1500593920724,61404351,0.07998199,0.0
1500593920754,61404352,0.07973,1.0
1500593920760,61404353,0.07872007,124.687
1500593920822,61404354,0.08053067,0.0
1500593920896,61404355,0.08007343,9.31376
1500593921042,61404356,0.08007333,0.0
1500593921247,61404357,0.08007343,0.0
1500593921260,61404358,0.07985639,134.180381
1500593921524,61404360,0.07993536,0.0
1500593921524,61404360,0.08003893,286.755844
1500593921606,61404361,0.07998247,9.89429
1500593922383,61404362,0.07998236,0.0
1500593922569,61404364,0.07872007,0.0
1500593922652,61404365,0.07982373,96.328908
1500593923039,61404367,0.07966372,124.687
1500593923444,61404368,0.07966372,0.0
1500593923819,61404369,0.07872009,124.687
1500593925055,61404371,0.07985639,0.0
1500593925285,61404372,0.07973037,134.443938
1500593925598,61404373,0.08003895,0.848594
1500593925598,61404373,0.08053065,0.0
1500593926269,61404375,0.07982373,0.0
1500593926364,61404376,0.07998247,0.0
1500593926497,61404378,0.07973074,96.459668
1500593927465,61404379,0.07994528,287.091758
1500593927465,61404379,0.08003893,0.0
1500593928559,61404381,0.06889,0.0
1500593929152,61404382,0.07973,0.0
