timestamp,id,price,q
1500593107350,33967690,224.86,5.1
1500593107569,33967693,221.52358037,0.0
1500593107569,33967693,221.03516197,81.599303
1500593108004,33967699,222.45695912,1.415409
1500593108004,33967699,222.94032447,0.0
1500593108598,33967705,224.87,1.40806
1500593108598,33967705,224.1368,0.0
1500593110561,33967726,221.51993133,81.420733
1500593110561,33967726,221.03516197,0.0
1500593110909,33967731,224.86,0.0
1500593111033,33967735,221.33308486,0.0
1500593111033,33967735,221.10597536,381.052088
1500593111254,33967738,220,13.713
1500593111495,33967742,224.12680002,1.88835
1500593111495,33967742,224.20046976,0.0
1500593112010,33967747,224.87,0.0
1500593112010,33967747,224.1368,1.40806
1500593112974,33967757,221.36204542,380.611289
1500593112974,33967757,221.10597536,0.0
1500593113191,33967759,224.86,5.1
1500593113628,33967765,224.87,1.40806
1500593113628,33967765,224.1368,0.0
1500593113806,33967768,221.51993133,0.0
1500593113806,33967768,221.81420612,81.312714
1500593113978,33967771,222.45695912,0.0
1500593113978,33967771,222.23160666,1.416845
1500593115091,33967787,224.13550002,7.46683
1500593115671,33967795,221.87476978,379.731745
1500593115671,33967795,221.36204542,0.0
1500593116442,33967805,224.86,0.0
1500593116552,33967809,221.81420612,0.0
1500593116552,33967809,222.30028953,81.134915
1500593116579,33967810,224.13550002,0.0
1500593117191,33967815,224.87,0.0
1500593117191,33967815,224.1368,1.40806
1500593118799,33967835,223.5,0.0
1500593119426,33967843,222.91711093,1.412488
1500593119426,33967843,222.23160666,0.0
1500593119426,33967844,224.86,5.1
1500593119746,33967850,224.87,1.40806
1500593119746,33967850,224.1368,0.0
1500593120029,33967853,221.87476978,0.0
1500593120029,33967853,221.36204542,380.611289
1500593120957,33967862,223.00000002,5.135607
1500593120957,33967862,223.51430899,0.0
1500593122287,33967883,224.86,0.0
1500593122827,33967890,222.32534262,378.962167
1500593122827,33967890,221.36204542,0.0
1500593123099,33967893,222.91711093,0.0
1500593123099,33967893,222.46413115,1.415364
1500593123133,33967895,224.87,0.0
1500593123133,33967895,224.1368,1.40806
1500593124802,33967917,222.49864559,81.062584
1500593124802,33967917,222.30028953,0.0
1500593124810,33967918,221.47041184,380.425055
1500593124810,33967918,222.32534262,0.0
1500593124976,33967921,224.86,5.1
1500593125567,33967930,224.87,1.40806
1500593125567,33967930,224.1368,0.0
1500593126713,33967945,222.32534262,378.962167
1500593126713,33967945,221.47041184,0.0
1500593128096,33967959,224.86,0.0
1500593128896,33967960,222.49864559,0.0
1500593128896,33967960,222.90704685,80.914064
1500593129030,33967962,222.02215061,379.479675
1500593129030,33967962,222.32534262,0.0
1500593129065,33967963,224.87,0.0
1500593129065,33967963,224.1368,1.40806
1500593129216,33967966,222.46413115,0.0
1500593129216,33967966,222.79778064,1.413244
1500593130656,33967981,223.51430899,1.893525
1500593130656,33967981,224.12680002,0.0
1500593131042,33967985,222.02215061,0.0
1500593131042,33967985,222.32525912,378.962309
1500593131102,33967988,224.86,5.1
1500593131582,33967995,224.87,1.40806
1500593131582,33967995,224.1368,0.0
1500593132589,33968006,222.90704685,0.0
1500593132589,33968006,223.18398398,80.813662
1500593134140,33968027,221.92401115,379.647489
1500593134140,33968027,222.32525912,0.0
1500593134413,33968032,224.86,0.0
1500593134807,33968036,224.87,0.0
1500593134807,33968036,224.1368,1.40806
1500593135680,33968046,222.51043204,378.646937
1500593135680,33968046,221.92401115,0.0
1500593136249,33968054,223.49593523,1.408829
1500593136249,33968054,222.79778064,0.0
1500593137176,33968064,223.18398398,0.0
1500593137176,33968064,223.50107441,80.699009
1500593139310,33968089,222.75017011,378.239413
1500593139310,33968089,222.51043204,0.0
1500593139338,33968090,224.1458,20.10841
1500593139569,33968093,223.50107441,0.0
1500593139569,33968093,224.50366427,80.338623
1500593139632,33968094,224.1558,1.40806
1500593139632,33968094,224.1368,0.0
1500593140776,33968107,224.5136,1.40806
1500593140776,33968107,224.1558,0.0
1500593141689,33968121,222.75017011,0.0
1500593141689,33968121,223.29093498,377.323394
1500593143039,33968139,224.86,0.1
1500593144941,33968159,224.1458,0.0
1500593145123,33968162,224.5225,20.10841
1500593145675,33968174,224.5136,0.0
1500593145675,33968174,224.5325,1.40806
1500593146126,33968183,224.86,0.0
1500593146566,33968189,224.80662217,80.230355
1500593146566,33968189,224.50366427,0.0
1500593147013,33968195,224.5325,0.0
1500593147013,33968195,224.8166,1.40806
1500593147342,33968200,224,0.495648
1500593148808,33968226,222.75860243,378.225095
1500593148808,33968226,223.29093498,0.0
1500593149216,33968233,224.86,0.1
1500593149572,33968241,225.07615214,80.134279
1500593149572,33968241,224.80662217,0.0
1500593150184,33968251,224.5325,1.40806
1500593150184,33968251,224.8166,0.0
1500593150731,33968261,221.68864473,380.05056
1500593150731,33968261,222.75860243,0.0
1500593151056,33968267,223.49593523,0.0
1500593151056,33968267,224.2333649,0.705892
1500593152290,33968285,224.86,0.0
1500593152571,33968291,224.26240097,80.425051
1500593152571,33968291,225.07615214,0.0
1500593152773,33968293,223.30020057,377.307738
1500593152773,33968293,221.68864473,0.0
1500593154980,33968323,224.86,0.1
1500593155157,33968325,224.5225,0.0
1500593155226,33968326,224.27370097,20.10841
1500593155767,33968334,224.26240097,0.0
1500593155767,33968334,225.07615214,80.134279
1500593156785,33968338,224.5325,0.0
1500593156785,33968338,224.2837,1.40806
1500593158174,33968341,224.86,0.0
1500593158815,33968345,223.30020057,0.0
1500593158815,33968345,223.64611367,376.724156
1500593159670,33968348,224.1268,0.0
1500593160109,33968351,222.5047,127.844
1500593161065,33968356,219.5162,0.0
1500593161065,33968357,224.68933151,80.272236
1500593161065,33968357,225.07615214,0.0
1500593161065,33968358,223.41266306,377.117807
1500593161065,33968358,223.64611367,0.0
1500593161501,33968360,224.6993,1.40806
1500593161501,33968360,224.2837,0.0
1500593162458,33968363,217.3662,127.844
1500593162609,33968366,222.5047,0.0
1500593162676,33968368,223.41266306,0.0
1500593162676,33968368,222.574667,378.53766
1500593163027,33968369,224.2838,127.844
1500593163533,33968370,224.68933151,0.0
1500593163533,33968370,223.89023727,80.558739
1500593164083,33968371,224.2333649,0.0
1500593164083,33968371,224.68984511,0.354066
1500593164643,33968375,224.2938,1.40806
1500593164643,33968375,224.6993,0.0
1500593164810,33968376,217.3662,0.0
1500593165204,33968378,224.2838,0.0
1500593165438,33968379,224.27370097,0.0
1500593165559,33968380,223.89373727,20.10841
1500593165605,33968381,219.4943,127.844
1500593165798,33968385,222.574667,0.0
1500593165798,33968385,223.41274666,377.117666
1500593166220,33968386,221.2619,127.844
1500593166641,33968391,219.4943,0.0
1500593167022,33968392,221.2619,0.0
1500593167026,33968393,223.89373729,1.890316
1500593167026,33968393,223.51430899,0.0
1500593167793,33968397,224.2938,0.0
1500593167793,33968397,223.9037,1.40806
1500593167852,33968398,223.5144,127.844
1500593168012,33968399,223.89023727,0.0
1500593168012,33968399,223.69137167,80.630357
1500593168151,33968401,216.5401,127.844
1500593170046,33968403,223.41274666,0.0
1500593170046,33968403,223.67365222,376.677774
1500593170154,33968404,224.86,5.1
1500593170166,33968405,224.68984511,0.0
1500593170166,33968405,224.26720692,0.354734
1500593170166,33968406,216.5401,0.0
1500593171588,33968412,218.8133,127.844
1500593172557,33968416,224.55662894,80.319674
1500593172557,33968416,223.69137167,0.0
1500593172710,33968419,223.67365222,0.0
1500593172710,33968419,222.27911614,379.040978
1500593172725,33968420,223.9037,0.0
1500593172725,33968420,224.5666,1.40806
1500593172932,33968424,223.5144,0.0
1500593172973,33968425,223.73656188,0.355575
1500593172973,33968425,224.26720692,0.0
1500593173095,33968429,224.86,0.0
1500593173358,33968433,221.2619,127.844
1500593173768,33968438,218.8133,0.0
1500593174534,33968441,224.55662894,0.0
1500593174534,33968441,224.31385077,80.406605
1500593174708,33968444,224.3238,1.40806
1500593174708,33968444,224.5666,0.0
1500593175239,33968445,216.6998,127.844
1500593175700,33968450,222.74791386,378.243244
1500593175700,33968450,222.27911614,0.0
1500593175825,33968452,223.89373727,0.0
1500593176289,33968453,224.86,5.1
1500593176586,33968454,224.3285,20.10841
1500593176757,33968455,224.3384,1.40806
1500593176757,33968455,224.3238,0.0
1500593177683,33968458,223.74828783,80.609847
1500593177683,33968458,224.31385077,0.0
1500593179639,33968466,224.86,0.0
1500593180973,33968473,224.11157899,80.479176
1500593180973,33968473,223.74828783,0.0
1500593181155,33968474,223.73656188,0.0
1500593181155,33968474,224.12514785,0.354958
1500593181736,33968479,221.81191303,379.839353
1500593181736,33968479,222.74791386,0.0
1500593182029,33968481,224.86,5.1
1500593182827,33968484,224.86,0.0
1500593183569,33968486,224.85,0.0
1500593183732,33968491,224.33840001,1.798423
1500593184247,33968492,224.33840001,0.390363
1500593184667,33968493,223.60264888,80.66235
1500593184667,33968493,224.11157899,0.0
1500593184711,33968494,221.81191303,0.0
1500593184711,33968494,224.50582936,375.281541
1500593184847,33968497,224.3384,0.0
1500593184847,33968497,224.5158,1.40806
1500593184907,33968498,224.33840001,0.0
1500593184907,33968498,224.50582937,1.61166
1500593185087,33968499,224.50582937,0.0
1500593185087,33968499,224.51580001,1.61166
1500593186030,33968500,223.6026489,1.892777
1500593186030,33968500,223.89373729,0.0
1500593186079,33968501,224.12514785,0.0
1500593186079,33968501,223.8267296,0.355432
1500593186148,33968502,224.3285,0.0
1500593186216,33968505,224.52720001,20.10841
1500593186385,33968506,224.5372,1.40806
1500593186385,33968506,224.5158,0.0
1500593186397,33968507,224.52720002,1.611696
1500593186397,33968507,224.51580001,0.0
1500593186579,33968510,224.52720002,0.0
1500593186579,33968510,224.53720001,1.611696
1500593187643,33968522,224.53720001,0.0
1500593188103,33968523,223.60264888,0.0
1500593188103,33968523,222.66038125,81.003702
1500593188332,33968524,224.50582936,0.0
1500593188332,33968524,222.5774884,378.532861
1500593188450,33968525,224.5372,0.0
1500593189126,33968529,224.52720001,0.0
1500593189383,33968537,223.82672961,1.01917
1500593189602,33968538,222.66698125,0.39833
1500593191702,33968547,222.5774884,0.0
1500593191702,33968547,224.87903986,323.041158
1500593191797,33968548,224.88243986,19.71008
1500593191797,33968549,223.82672961,0.0
1500593191797,33968549,224.87903987,2.885997
1500593191874,33968551,224.88243987,2.885997
1500593191874,33968551,224.87903987,0.0
1500593192537,33968554,224.88243988,0.61958
1500593192548,33968555,224.88243989,2.885997
1500593192548,33968555,224.88243987,0.0
1500593192572,33968556,222.66038125,0.0
1500593192572,33968556,224.62278169,80.296019
1500593192803,33968559,222.66698125,0.0
1500593192810,33968560,221.2619,0.0
1500593192982,33968563,224.88243986,0.0
1500593193132,33968567,224.50240858,0.354362
1500593193132,33968567,223.8267296,0.0
1500593193207,33968572,219.1001,127.844
1500593193588,33968574,224.88243988,0.0
1500593193588,33968574,224.8824399,0.61958
1500593193598,33968575,224.88243989,0.0
1500593193598,33968575,224.88243991,2.885997
1500593193984,33968581,216.6998,0.0
1500593195027,33968594,214.707,127.844
1500593195458,33968600,224.8824399,0.0
1500593195458,33968600,224.88243992,0.61958
1500593195466,33968601,224.88243991,0.0
1500593195466,33968601,224.88243993,2.885997
1500593196615,33968617,224.62278169,0.0
1500593196615,33968617,222.67317712,80.999047
1500593197546,33968629,224.88243994,0.61958
1500593197546,33968629,224.88243992,0.0
1500593197554,33968630,224.88243995,2.885997
1500593197554,33968630,224.88243993,0.0
1500593197820,33968633,223.00000002,0.0
1500593197820,33968633,224.5024086,5.101239
1500593197984,33968637,224.87903986,318.103439
1500593197984,33968637,224.88243995,0.0
1500593197984,33968637,224.88243994,0.0
1500593198106,33968639,224.87903987,2.885997
1500593198818,33968649,224.87903986,0.0
1500593198857,33968651,224.50240861,2.885997
1500593198857,33968651,224.87903987,0.0
1500593199998,33968662,224.50240858,0.0
1500593199998,33968662,224.94454785,0.353665
1500593200561,33968670,223.73690797,80.613947
1500593200561,33968670,222.67317712,0.0
1500593200697,33968671,224.42280666,375.420372
1500593203698,33968724,223.18201473,377.507541
1500593203698,33968724,224.42280666,0.0
1500593204004,33968728,224.94454785,0.0
1500593204004,33968728,224.51387448,0.354344
1500593204993,33968741,223.53627374,80.686301
1500593204993,33968741,223.73690797,0.0
1500593206219,33968757,222.50716738,378.652492
1500593206219,33968757,223.18201473,0.0
1500593207451,33968778,223.6026489,0.0
1500593207451,33968778,224.50240863,1.885191
1500593207461,33968779,224.50240861,0.0
1500593207461,33968779,224.50240864,2.885997
1500593207946,33968786,224.38900083,375.476932
1500593207946,33968786,222.50716738,0.0
1500593208807,33968794,223.53627374,0.0
1500593208807,33968794,222.77614327,80.96161
1500593210076,33968811,223.95238054,376.208966
1500593210076,33968811,224.38900083,0.0
1500593211107,33968824,223.93804422,0.355255
1500593211107,33968824,224.51387448,0.0
1500593211549,33968831,222.77614327,0.0
1500593211549,33968831,222.56384854,81.038836
1500593211688,33968833,222.85560708,378.060461
1500593211688,33968833,223.95238054,0.0
1500593212239,33968845,222.85940708,0.1169
1500593212513,33968850,222.86220708,0.95899
1500593213210,33968862,222.86220708,0.0
1500593213422,33968866,222.86460708,0.89073
1500593214725,33968886,222.86400708,19.10078
1500593214740,33968887,224.0191602,376.096819
1500593214740,33968887,222.85560708,0.0
1500593215633,33968890,222.37981181,70.346577
1500593215633,33968890,222.56384854,0.0
1500593217347,33968894,223.93804422,0.0
1500593217347,33968894,223.0706386,0.356636
1500593217700,33968897,224.0191602,0.0
1500593217700,33968897,223.57609391,376.842139
1500593218173,33968900,224.5124,0.229289
1500593220214,33968904,224.38086262,375.49055
1500593220214,33968904,223.57609391,0.0
1500593221872,33968913,221.33489958,76.083739
1500593221872,33968913,222.37981181,0.0
1500593222445,33968915,222.85940708,0.0
1500593222620,33968917,224.39236262,0.1169
1500593223905,33968922,219.1001,0.0
1500593224048,33968923,223.0706386,0.0
1500593224048,33968923,222.20389887,0.358028
1500593224049,33968924,222.86460708,0.0
1500593224135,33968926,222.86400708,0.0
1500593224187,33968928,224.39256262,19.99151
1500593224714,33968933,217.0423,127.844
1500593224917,33968935,214.707,0.0
1500593225496,33968939,217.0423,0.0
1500593225731,33968940,212.3585,127.844
1500593225735,33968941,223.63803139,376.737771
1500593225735,33968941,224.38086262,0.0
1500593226358,33968942,217.2381,127.844
1500593226536,33968944,221.94137889,75.875832
1500593226536,33968944,221.33489958,0.0
1500593228803,33968957,223.63803139,0.0
1500593228803,33968957,223.20914822,377.461651
1500593228816,33968958,224.5024086,0.0
1500593228816,33968958,224.5124,0.0
1500593228816,33968958,224.50240864,0.0
1500593228816,33968958,224.50240863,0.0
1500593228816,33968958,224.39256262,10.09326
1500593228981,33968960,224.39256263,2.855477
1500593229216,33968964,222.20389887,0.0
1500593229216,33968964,224.74783894,0.353975
1500593229623,33968970,221.94137889,0.0
1500593229623,33968970,222.27941042,75.760444
1500593231680,33969000,224.3462074,375.548553
1500593231680,33969000,223.20914822,0.0
1500593232238,33969003,224.39236262,0.0
1500593232311,33969004,224.39256262,0.0
1500593232408,33969005,224.40216263,10.21016
1500593232439,33969006,224.40216264,2.855477
1500593232439,33969006,224.39256263,0.0
1500593232744,33969012,221.44200957,76.046938
1500593232744,33969012,222.27941042,0.0
1500593233865,33969023,224.40216263,0.0
1500593234044,33969024,224.74783894,0.0
1500593234044,33969024,225.09322684,0.353432
1500593234183,33969025,224.40216264,0.0
1500593234183,33969025,225.09322684,0.0
1500593234183,33969025,224.3462074,373.757462
1500593234506,33969027,224.34620741,2.855477
1500593234697,33969029,224.3462074,0.0
1500593234697,33969029,222.15265091,379.256755
1500593234709,33969030,224.34620741,0.0
1500593234709,33969030,223.51430898,2.855477
1500593234806,33969031,222.16375091,10.21016
1500593235710,33969035,221.44200957,0.0
1500593235710,33969035,222.1550967,75.802838
1500593236232,33969045,222.16375091,0.0
1500593236421,33969048,222.1589967,10.21016
1500593237467,33969055,202.2,0.0
1500593238830,33969061,222.1550967,0.0
1500593238830,33969061,223.40579229,75.37847
1500593239076,33969062,222.1589967,0.0
1500593241158,33969082,224,0.0
1500593241629,33969093,223.40579229,0.0
1500593241629,33969093,221.94455641,75.874746
1500593241640,33969094,223.51430898,0.0
1500593241640,33969094,223.00000001,3.065171
1500593241729,33969095,222.15265091,0.0
1500593241729,33969095,222.36559959,339.171771
1500593243500,33969115,100,156.96808
1500593244638,33969132,221.59861484,75.993195
1500593244638,33969132,221.94455641,0.0
1500593246818,33969162,222.37119959,10.21016
1500593246853,33969164,90,75.702601
1500593247542,33969172,222.30658963,75.751182
1500593247542,33969172,221.59861484,0.0
1500593248850,33969198,222.36559959,0.0
1500593248850,33969198,223.86001073,336.907579
1500593248860,33969199,223.00000001,0.0
1500593248860,33969199,223.86001074,3.065171
1500593250406,33969224,190,126.715287
1500593251531,33969240,221.91443987,75.885043
1500593251531,33969240,222.30658963,0.0
1500593252836,33969258,223.86001073,0.0
1500593252836,33969258,224.69459176,335.656206
1500593252845,33969259,223.86001074,0.0
1500593252845,33969259,224.69459177,3.065171
1500593253610,33969274,222.16309506,75.800109
1500593253610,33969274,221.91443987,0.0
1500593256253,33969310,224.69459176,300.530044
1500593256253,33969310,224.69459177,0.0
1500593256275,33969311,224.69459177,0.193355
1500593257184,33969322,224.38901848,75.048177
1500593257184,33969322,222.16309506,0.0
1500593257184,33969323,222.37119959,0.0
1500593257473,33969329,224.70359177,10.21016
1500593257499,33969330,224.70359178,0.193355
1500593257499,33969330,224.69459177,0.0
1500593259113,33969359,224.70359177,0.0
1500593259203,33969360,224.71379178,6.25737
1500593259215,33969362,224.70359178,0.0
1500593259215,33969362,224.71379179,0.193355
1500593259296,33969364,224.71379178,0.0
1500593259464,33969370,224.72549179,5.78523
1500593259472,33969371,224.7254918,0.193355
1500593259472,33969371,224.71379179,0.0
1500593259878,33969378,224.18660492,75.115937
1500593259878,33969378,224.38901848,0.0
1500593259950,33969381,224.69459176,0.0
1500593259950,33969381,223.59014819,337.31421
1500593259963,33969382,224.72549179,0.0
1500593259976,33969383,224.7254918,0.0
1500593259976,33969383,224.18660493,0.193355
1500593260126,33969385,224.19140492,5.69882
1500593260140,33969386,224.18660493,0.0
1500593260140,33969386,224.19140493,0.193355
1500593260235,33969390,224.20210493,4.51134
1500593260247,33969391,224.20210494,0.193355
1500593260247,33969391,224.19140493,0.0
1500593262645,33969437,224.76445595,74.92282
1500593262645,33969437,224.18660492,0.0
1500593262834,33969440,224.20210493,0.0
1500593262835,33969441,224.76445596,0.193355
1500593262835,33969441,224.20210494,0.0
1500593262918,33969445,224.77425595,0.92001
1500593262993,33969446,224.19140492,0.0
1500593263062,33969447,224.77425595,0.0
1500593263252,33969449,224.77635596,0.57733
1500593263431,33969450,224.77635596,0.0
1500593265609,33969466,224.76445595,0.0
1500593265609,33969466,225.07455944,74.819593
1500593265975,33969471,224.76445596,0.0
1500593265975,33969471,225.07455945,0.193355
1500593268956,33969482,225.07455944,0.0
1500593268956,33969482,224.7652568,74.922553
1500593268960,33969483,223.59014819,0.0
1500593268960,33969483,223.32190193,337.71938
1500593268970,33969484,224.76525681,0.193355
1500593268970,33969484,225.07455945,0.0
1500593270705,33969493,202.6,0.0
1500593271668,33969495,223.32190193,0.0
1500593271668,33969495,223.95161163,336.769777
1500593273533,33969523,224.7652568,0.0
1500593273533,33969523,225.08448355,74.816294
1500593273670,33969525,224.76525681,0.0
1500593273670,33969525,225.08448356,0.193355
1500593275777,33969548,224.82746027,74.901824
1500593275777,33969548,225.08448355,0.0
1500593275787,33969549,224.82746028,0.193355
1500593275787,33969549,225.08448356,0.0
1500593275801,33969551,223.59830059,337.301912
1500593275801,33969551,223.95161163,0.0
1500593278667,33969561,223.59830059,0.0
1500593278667,33969561,223.95001496,336.772178
1500593279585,33969570,224.82746027,0.0
1500593279585,33969570,224.44775557,75.028537
1500593279595,33969571,224.82746028,0.0
1500593279595,33969571,224.44775558,0.193355
1500593279775,33969575,224.44775558,1.593743
1500593279826,33969576,224.44775559,0.193355
1500593279826,33969576,224.44775558,1.400388
1500593279960,33969578,224.44775559,1.593743
1500593279960,33969578,224.44775558,0.0
1500593279972,33969579,224.44775559,1.400388
1500593279972,33969579,224.4477556,0.193355
1500593280141,33969582,224.44775559,0.0
1500593280141,33969582,224.4477556,1.593743
1500593280152,33969583,224.44775561,0.193355
1500593280152,33969583,224.4477556,1.400388
1500593280321,33969585,224.44775558,1.400388
1500593280321,33969585,224.4477556,0.0
1500593280508,33969588,224.44775562,1.400388
1500593280508,33969588,224.44775558,0.0
1500593280517,33969591,224.44775563,0.193355
1500593280517,33969591,224.44775561,0.0
1500593280695,33969594,224.44775564,1.400388
1500593280695,33969594,224.44775562,0.0
1500593280706,33969595,224.44775563,0.0
1500593280706,33969595,224.44775565,0.193355
1500593280883,33969600,224.44775558,1.40157
1500593280883,33969600,224.44775564,0.0
1500593281062,33969602,224.44775566,1.40157
1500593281062,33969602,224.44775558,0.0
1500593281098,33969603,224.44775567,0.193355
1500593281098,33969603,224.44775565,0.0
1500593281105,33969604,224.45135558,10.21016
1500593281149,33969606,224.45135559,0.193355
1500593281149,33969606,224.44775567,0.0
1500593281276,33969609,224.44775568,1.40157
1500593281276,33969609,224.44775566,0.0
1500593281460,33969612,224.4513556,1.40157
1500593281460,33969612,224.44775568,0.0
1500593281471,33969613,224.45135561,0.193355
1500593281471,33969613,224.45135559,0.0
1500593281649,33969616,224.45135562,1.40157
1500593281649,33969616,224.4513556,0.0
1500593281681,33969617,224.45135561,0.0
1500593281681,33969617,224.45135563,0.193355
1500593282013,33969620,224.45135562,0.0
1500593282013,33969620,224.45135559,1.40157
1500593282183,33969623,224.45135564,1.40157
1500593282183,33969623,224.45135559,0.0
1500593282201,33969626,224.45135563,0.0
1500593282201,33969626,224.45135565,0.193355
1500593282380,33969628,224.45135564,0.0
1500593282380,33969628,224.45135559,1.40157
1500593282580,33969630,224.45135566,1.40157
1500593282580,33969630,224.45135559,0.0
1500593282589,33969632,224.45135565,0.0
1500593282589,33969632,224.45135567,0.193355
1500593282792,33969634,224.45135559,1.40157
1500593282792,33969634,224.45135566,0.0
1500593282866,33969636,224.45135558,0.0
1500593282978,33969638,224.45135568,1.40157
1500593282978,33969638,224.45135559,0.0
1500593282989,33969640,224.45135567,0.0
1500593282989,33969640,224.45135569,0.193355
1500593283166,33969642,224.44775558,1.40157
1500593283166,33969642,224.45135568,0.0
1500593283345,33969645,224.4513557,1.40157
1500593283345,33969645,224.44775558,0.0
1500593283359,33969648,224.45135571,0.193355
1500593283359,33969648,224.45135569,0.0
1500593283538,33969651,224.4513557,0.0
1500593283538,33969651,224.45135572,1.40157
1500593283547,33969652,224.45135573,0.193355
1500593283547,33969652,224.45135571,0.0
1500593283737,33969655,224.45135574,1.40157
1500593283737,33969655,224.45135572,0.0
1500593283737,33969656,224.45135575,0.193355
1500593283737,33969656,224.45135573,0.0
1500593283762,33969657,222.63896226,75.638094
1500593283762,33969657,224.44775557,0.0
1500593283926,33969661,224.45135574,0.0
1500593283926,33969661,224.45135576,1.401692
1500593283947,33969662,224.45135577,0.193355
1500593283947,33969662,224.45135575,0.0
1500593284109,33969664,224.45135576,0.0
1500593284109,33969664,224.45135578,1.401692
1500593284116,33969665,224.45135577,0.0
1500593284116,33969665,224.45135579,0.193355
1500593284300,33969669,224.45135578,0.0
1500593284300,33969669,223.95001497,1.401692
1500593284316,33969671,224.45135579,0.0
1500593284316,33969671,223.95001498,0.193355
1500593284452,33969672,222.2,0.501604
1500593284479,33969674,224.4513558,1.401692
1500593284479,33969674,223.95001497,0.0
1500593284496,33969677,223.95001498,0.0
1500593284496,33969677,224.45135581,0.193355
1500593284658,33969678,223.95001499,1.401692
1500593284658,33969678,224.4513558,0.0
1500593284667,33969679,223.950015,0.193355
1500593284667,33969679,224.45135581,0.0
1500593285673,33969682,212.3585,0.0
1500593285959,33969687,223.952315,0.16965
1500593286347,33969688,214.256,127.844
1500593286392,33969689,217.2381,0.0
1500593286743,33969691,223.95001496,0.0
1500593286743,33969691,221.68474098,340.213467
1500593286782,33969692,219.0001,127.844
1500593287178,33969695,222.64976226,0.96551
1500593288581,33969698,222.63896226,0.0
1500593288581,33969698,222.9635931,75.527967
1500593289225,33969703,223.952315,0.0
1500593290308,33969710,222.64976226,0.0
1500593293183,33969727,223.95001499,0.0
1500593293195,33969729,223.950015,0.0
1500593293195,33969729,223.00000001,0.193355
1500593293522,33969735,223.51430898,1.404073
1500593293542,33969737,223.00000001,0.0
1500593293542,33969737,223.51430899,0.193355
1500593293569,33969738,100,56.96808
1500593293569,33969739,222.65315277,75.633274
1500593293569,33969739,222.9635931,0.0
1500593293709,33969743,223.51430898,0.0
1500593293709,33969743,223.514309,1.404073
1500593293719,33969744,223.51430901,0.193355
1500593293719,33969744,223.51430899,0.0
1500593293882,33969746,223.51430902,1.404073
1500593293882,33969746,223.514309,0.0
1500593293890,33969747,223.51430903,0.193355
1500593293890,33969747,223.51430901,0.0
1500593294056,33969750,223.51430902,0.0
1500593294056,33969750,223.51430904,1.404073
1500593294066,33969751,223.51430903,0.0
1500593294066,33969751,223.51430905,0.193355
1500593294239,33969753,223.51430898,1.404073
1500593294239,33969753,223.51430904,0.0
1500593294410,33969756,223.51430898,0.0
1500593294410,33969756,223.51430906,1.404073
1500593294421,33969757,223.51430905,0.0
1500593294421,33969757,223.51430907,0.193355
1500593294584,33969761,223.51430906,0.0
1500593294584,33969761,223.51430898,1.404073
1500593294751,33969764,223.51430898,0.0
1500593294751,33969764,223.51430908,1.404073
1500593294760,33969765,223.51430909,0.193355
1500593294760,33969765,223.51430907,0.0
1500593294923,33969768,222.66125277,10.21016
1500593294927,33969769,223.5143091,1.404073
1500593294927,33969769,223.51430908,0.0
1500593294935,33969770,223.51430911,0.193355
1500593294935,33969770,223.51430909,0.0
1500593295098,33969773,223.51430912,1.404073
1500593295098,33969773,223.5143091,0.0
1500593295111,33969774,223.51430913,0.193355
1500593295111,33969774,223.51430911,0.0
1500593295274,33969777,223.51430912,0.0
1500593295274,33969777,223.51430914,1.404073
1500593295283,33969778,223.51430913,0.0
1500593295283,33969778,223.51430915,0.193355
1500593295447,33969781,223.51430914,0.0
1500593295447,33969781,223.51430898,1.404073
1500593295610,33969784,223.51430898,0.0
1500593295610,33969784,223.51430916,1.404073
1500593295619,33969785,223.51430917,0.193355
1500593295619,33969785,223.51430915,0.0
1500593295783,33969790,223.51430916,0.0
1500593295783,33969790,223.51430918,1.404073
1500593295791,33969791,223.51430919,0.193355
1500593295791,33969791,223.51430917,0.0
1500593295953,33969794,223.51430918,0.0
1500593295953,33969794,223.5143092,1.404607
1500593295962,33969795,223.51430921,0.193355
1500593295962,33969795,223.51430919,0.0
1500593296208,33969802,223.51430922,1.404607
1500593296208,33969802,223.5143092,0.0
1500593296225,33969803,223.51430923,0.193355
1500593296225,33969803,223.51430921,0.0
1500593296388,33969806,223.51430922,0.0
1500593296388,33969806,223.51430924,1.404607
1500593296398,33969807,223.51430923,0.0
1500593296398,33969807,223.51430925,0.193355
1500593296551,33969810,222.65315277,0.0
1500593296551,33969810,222.32102005,75.746265
1500593296561,33969811,223.51430924,0.0
1500593296561,33969811,223.51430898,1.404607
1500593296726,33969814,223.51430898,0.0
1500593296726,33969814,223.51430926,1.404607
1500593296741,33969815,223.51430927,0.193355
1500593296741,33969815,223.51430925,0.0
1500593297047,33969817,223.51430928,1.404607
1500593297047,33969817,223.51430926,0.0
1500593297062,33969820,223.51430927,0.0
1500593297062,33969820,223.51430929,0.193355
1500593297228,33969823,223.51430898,1.404607
1500593297228,33969823,223.51430928,0.0
1500593297393,33969826,223.51430898,0.0
1500593297393,33969826,223.5143093,1.404607
1500593297401,33969827,223.51430929,0.0
1500593297401,33969827,223.51430931,0.193355
1500593297563,33969830,223.51430898,1.404607
1500593297563,33969830,223.5143093,0.0
1500593297727,33969834,223.51430898,0.0
1500593297727,33969834,223.51430932,1.404607
1500593297735,33969835,223.51430933,0.193355
1500593297735,33969835,223.51430931,0.0
1500593297898,33969839,223.51430934,1.404607
1500593297898,33969839,223.51430932,0.0
1500593297909,33969840,223.51430933,0.0
1500593297909,33969840,223.51430935,0.193355
1500593298074,33969844,223.51430898,1.404607
1500593298074,33969844,223.51430934,0.0
1500593298368,33969849,223.51430898,0.0
1500593298368,33969849,223.51430936,1.404607
1500593298380,33969851,223.51430937,0.193355
1500593298380,33969851,223.51430935,0.0
1500593298507,33969853,223.51431125,0.8
1500593298523,33969854,223.51431126,0.193355
1500593298523,33969854,223.51430937,0.0
1500593298547,33969856,223.51430938,1.404607
1500593298547,33969856,223.51430936,0.0
1500593298820,33969859,223.51430938,0.0
1500593298820,33969859,223.51431127,1.404607
1500593298835,33969861,223.51431126,0.0
1500593298835,33969861,223.51431128,0.193355
1500593299006,33969863,223.51431126,1.405822
1500593299006,33969863,223.51431127,0.0
1500593299321,33969868,223.51431126,0.0
1500593299321,33969868,223.51431129,1.405822
1500593299330,33969869,223.5143113,0.193355
1500593299330,33969869,223.51431128,0.0
1500593299493,33969871,223.51431129,0.0
1500593299493,33969871,223.51431131,1.405822
1500593299504,33969872,223.5143113,0.0
1500593299504,33969872,223.51431132,0.193355
1500593299668,33969875,223.51431126,1.405822
1500593299668,33969875,223.51431131,0.0
1500593299833,33969879,223.51431126,0.0
1500593299833,33969879,223.51431133,1.405822
1500593299842,33969880,223.51431134,0.193355
1500593299842,33969880,223.51431132,0.0
1500593299954,33969882,223.16995502,75.458127
1500593299954,33969882,222.32102005,0.0
1500593300006,33969885,223.51431133,0.0
1500593300006,33969885,223.51431135,1.405822
1500593300028,33969887,223.51431136,0.193355
1500593300028,33969887,223.51431134,0.0
1500593300191,33969888,223.51431135,0.0
1500593300191,33969888,223.51431137,1.405822
1500593300204,33969889,223.51431138,0.193355
1500593300204,33969889,223.51431136,0.0
1500593300367,33969894,223.51431139,1.405822
1500593300367,33969894,223.51431137,0.0
1500593300381,33969896,223.5143114,0.193355
1500593300381,33969896,223.51431138,0.0
1500593300544,33969900,223.51431141,1.405822
1500593300544,33969900,223.51431139,0.0
1500593300552,33969901,223.5143114,0.0
1500593300552,33969901,223.51431142,0.193355
1500593300714,33969905,223.51431141,0.0
1500593300714,33969905,223.51431126,1.405822
1500593300885,33969908,223.51431126,0.0
1500593300885,33969908,223.51431143,1.405822
1500593300895,33969909,223.51431144,0.193355
1500593300895,33969909,223.51431142,0.0
1500593301058,33969913,223.51431143,0.0
1500593301058,33969913,223.51431145,1.405822
1500593301066,33969914,223.51431144,0.0
1500593301066,33969914,223.51431146,0.193355
1500593301234,33969917,223.51431126,1.405822
1500593301234,33969917,223.51431145,0.0
1500593301291,33969918,221.68474098,0.0
1500593301291,33969918,222.45105624,271.258971
1500593301566,33969923,223.51431126,0.0
1500593301566,33969923,223.51431147,1.405822
1500593301583,33969926,223.51431148,0.193355
1500593301583,33969926,223.51431146,0.0
1500593301747,33969934,223.51431147,0.0
1500593301747,33969934,223.51431149,1.405822
1500593301757,33969935,223.5143115,0.193355
1500593301757,33969935,223.51431148,0.0
1500593301922,33969937,223.51431151,1.406052
1500593301922,33969937,223.51431149,0.0
1500593301955,33969940,223.51431152,0.193355
1500593301955,33969940,223.5143115,0.0
1500593302119,33969945,223.51431151,0.0
1500593302119,33969945,223.51431153,1.406052
1500593302128,33969946,223.51431152,0.0
1500593302128,33969946,223.51431154,0.193355
1500593302296,33969949,223.51431153,0.0
1500593302296,33969949,223.51431126,1.406052
1500593302466,33969952,223.51431126,0.0
1500593302466,33969952,223.51431155,1.406052
1500593302483,33969953,223.51431154,0.0
1500593302483,33969953,223.51431156,0.193355
1500593302646,33969957,223.51431126,1.406052
1500593302646,33969957,223.51431155,0.0
1500593302809,33969961,223.51431126,0.0
1500593302809,33969961,223.51431157,1.406052
1500593302819,33969962,223.51431156,0.0
1500593302819,33969962,223.51431158,0.193355
1500593302982,33969965,223.51431126,1.406052
1500593302982,33969965,223.51431157,0.0
1500593303176,33969969,223.51431126,0.0
1500593303176,33969969,223.51431159,1.406052
1500593303176,33969970,223.5143116,0.193355
1500593303176,33969970,223.51431158,0.0
1500593303319,33969973,223.51431159,0.0
1500593303319,33969973,223.51431161,1.406052
1500593303771,33969977,222.5764383,75.659342
1500593303771,33969977,223.16995502,0.0
1500593303975,33969980,223.51431162,0.193355
1500593303975,33969980,223.5143116,0.0
1500593304146,33969983,223.51431163,1.406052
1500593304146,33969983,223.51431161,0.0
1500593304157,33969985,223.51431162,0.0
1500593304157,33969985,223.51431164,0.193355
1500593304323,33969987,223.51431126,1.406052
1500593304323,33969987,223.51431163,0.0
1500593304491,33969990,223.51431126,0.0
1500593304491,33969990,223.51431165,1.406052
1500593304595,33969992,223.51431164,0.0
1500593304595,33969992,223.51431166,0.193355
1500593304761,33969996,223.51431165,0.0
1500593304761,33969996,223.51431126,1.406052
1500593304852,33969998,222.66125277,0.0
1500593304922,33969999,222.5815383,10.21016
1500593304940,33970001,223.51431126,0.0
1500593304940,33970001,223.51431167,1.406052
1500593304948,33970003,223.51431168,0.193355
1500593304948,33970003,223.51431166,0.0
1500593305114,33970008,223.51431167,0.0
1500593305114,33970008,223.51431169,1.405878
1500593305130,33970011,223.5143117,0.193355
1500593305130,33970011,223.51431168,0.0
1500593305303,33970013,223.51431169,0.0
1500593305303,33970013,223.51431171,1.405878
1500593305326,33970015,223.5143117,0.0
1500593305326,33970015,223.51431172,0.193355
1500593305491,33970017,223.51431171,0.0
1500593305491,33970017,223.51431126,1.405878
1500593305670,33970019,223.51431126,0.0
1500593305670,33970019,223.51431173,1.405878
1500593305691,33970021,223.51431172,0.0
1500593305691,33970021,223.51431174,0.193355
1500593305858,33970025,223.51431173,0.0
1500593305858,33970025,223.51431126,1.405878
1500593306025,33970027,223.51431126,0.0
1500593306025,33970027,223.51431175,1.405878
1500593306044,33970029,223.51431176,0.193355
1500593306044,33970029,223.51431174,0.0
1500593306212,33970034,223.51431177,1.405878
1500593306212,33970034,223.51431175,0.0
1500593306224,33970035,223.51431176,0.0
1500593306224,33970035,223.51431178,0.193355
1500593306392,33970038,223.51431177,1.125488
1500593306556,33970041,223.51431177,0.0
1500593306556,33970041,223.51431179,1.125488
1500593306565,33970042,223.5143118,0.193355
1500593306565,33970042,223.51431178,0.0
1500593306728,33970046,223.51431179,0.0
1500593306728,33970046,223.51431181,1.125488
1500593306736,33970047,223.51431182,0.193355
1500593306736,33970047,223.5143118,0.0
1500593306837,33970051,223.31796214,75.408116
1500593306837,33970051,222.5764383,0.0
1500593307037,33970053,223.51431183,1.125488
1500593307037,33970053,223.51431181,0.0
1500593307048,33970054,223.51431182,0.0
1500593307048,33970054,223.51431184,0.193355
1500593307329,33970056,223.51431183,0.0
1500593307329,33970056,223.51431126,1.125488
1500593307498,33970059,223.51431126,0.0
1500593307498,33970059,223.51431185,1.125488
1500593307521,33970062,223.51431186,0.193355
1500593307521,33970062,223.51431184,0.0
1500593307668,33970063,222.20997959,271.553261
1500593307668,33970063,222.45105624,0.0
1500593307685,33970066,223.51431187,1.125488
1500593307685,33970066,223.51431185,0.0
1500593307696,33970067,223.51431188,0.193355
1500593307696,33970067,223.51431186,0.0
1500593307906,33970071,223.51431189,1.126202
1500593307906,33970071,223.51431187,0.0
1500593307915,33970072,223.5143119,0.193355
1500593307915,33970072,223.51431188,0.0
1500593308083,33970075,223.51431189,0.0
1500593308083,33970075,223.51431191,1.126202
1500593308092,33970076,223.51431192,0.193355
1500593308092,33970076,223.5143119,0.0
1500593308255,33970079,223.51431191,0.0
1500593308255,33970079,223.51431193,1.126202
1500593308266,33970080,223.51431192,0.0
1500593308266,33970080,223.51431194,0.193355
1500593308429,33970084,223.51431126,1.126202
1500593308429,33970084,223.51431193,0.0
1500593308593,33970086,223.51431126,0.0
1500593308593,33970086,223.51431195,1.126202
1500593308604,33970087,223.51431196,0.193355
1500593308604,33970087,223.51431194,0.0
1500593308833,33970093,223.51431197,1.126202
1500593308833,33970093,223.51431195,0.0
1500593308848,33970094,223.51431198,0.193355
1500593308848,33970094,223.51431196,0.0
1500593309016,33970096,223.51431199,1.126202
1500593309016,33970096,223.51431197,0.0
1500593309191,33970099,223.514312,0.193355
1500593309191,33970099,223.51431198,0.0
1500593309355,33970101,223.51431201,1.126202
1500593309355,33970101,223.51431199,0.0
1500593309389,33970103,223.51431202,0.193355
1500593309389,33970103,223.514312,0.0
1500593309552,33970105,223.51431201,0.0
1500593309552,33970105,223.51431203,1.126202
1500593309561,33970106,223.51431202,0.0
1500593309561,33970106,223.51431204,0.193355
1500593309726,33970113,223.51431126,1.126202
1500593309726,33970113,223.51431203,0.0
1500593310070,33970117,223.51431126,0.0
1500593310070,33970117,223.51431205,1.126202
1500593310097,33970119,223.51431206,0.193355
1500593310097,33970119,223.51431204,0.0
1500593310261,33970122,223.51431207,1.126202
1500593310261,33970122,223.51431205,0.0
1500593310269,33970123,223.51431206,0.0
1500593310269,33970123,223.51431208,0.193355
1500593310437,33970125,223.51431126,1.126202
1500593310437,33970125,223.51431207,0.0
1500593310601,33970128,223.51431126,0.0
1500593310601,33970128,223.51431209,1.126202
1500593310611,33970129,223.51431208,0.0
1500593310611,33970129,223.5143121,0.193355
1500593310773,33970133,223.51431209,0.0
1500593310773,33970133,223.51431126,1.126202
1500593310940,33970137,223.51431126,0.0
1500593310940,33970137,223.51431211,1.126202
1500593311088,33970140,223.5143121,0.0
1500593311088,33970140,223.51431212,0.193355
1500593311257,33970143,223.51431126,1.126798
1500593311257,33970143,223.51431211,0.0
1500593311424,33970145,223.51431126,0.0
1500593311424,33970145,223.51431213,1.126798
1500593311441,33970146,223.51431214,0.193355
1500593311441,33970146,223.51431212,0.0
1500593311605,33970149,223.51431215,1.126798
1500593311605,33970149,223.51431213,0.0
1500593311615,33970150,223.51431214,0.0
1500593311615,33970150,223.51431216,0.193355
1500593311778,33970154,223.51431126,1.126798
1500593311778,33970154,223.51431215,0.0
1500593311943,33970157,223.51431126,0.0
1500593311943,33970157,223.51431217,1.126798
1500593311951,33970158,223.51431218,0.193355
1500593311951,33970158,223.51431216,0.0
1500593312190,33970167,219.0001,0.0
1500593312216,33970168,223.51431219,1.126798
1500593312216,33970168,223.51431217,0.0
1500593312226,33970169,223.51431218,0.0
1500593312226,33970169,223.5143122,0.193355
1500593312395,33970171,223.51431126,1.126798
1500593312395,33970171,223.51431219,0.0
1500593312568,33970173,223.51431126,0.0
1500593312568,33970173,223.51431221,1.126798
1500593312579,33970175,223.51431222,0.193355
1500593312579,33970175,223.5143122,0.0
1500593312751,33970179,223.51431223,1.126798
1500593312751,33970179,223.51431221,0.0
1500593312762,33970180,223.51431224,0.193355
1500593312762,33970180,223.51431222,0.0
1500593312945,33970183,223.51431223,0.0
1500593312945,33970183,223.51431225,1.126798
1500593312954,33970185,223.51431226,0.193355
1500593312954,33970185,223.51431224,0.0
1500593313087,33970187,214.256,0.0
1500593313088,33970189,222.58413049,75.656727
1500593313088,33970189,223.31796214,0.0
1500593313093,33970190,220.8009,127.844
1500593313126,33970192,223.51431227,1.126798
1500593313126,33970192,223.51431225,0.0
1500593313135,33970193,223.51431226,0.0
1500593313135,33970193,223.51431228,0.193355
1500593313265,33970194,223.51431125,0.0
1500593313304,33970198,223.51431126,1.126798
1500593313304,33970198,223.51431227,0.0
1500593313472,33970202,223.51431126,0.0
1500593313472,33970202,223.51431229,1.126798
1500593313481,33970203,223.51431228,0.0
1500593313481,33970203,223.5143123,0.193355
1500593313646,33970207,223.51431229,0.0
1500593313646,33970207,223.51430898,1.126798
1500593313810,33970210,223.51430898,0.0
1500593313810,33970210,223.51431231,1.126798
1500593313825,33970212,223.51431232,0.193355
1500593313825,33970212,223.5143123,0.0
1500593313988,33970214,223.51431233,1.125463
1500593313988,33970214,223.51431231,0.0
1500593314030,33970215,223.51431234,0.193355
1500593314030,33970215,223.51431232,0.0
1500593314079,33970216,216.1868,127.844
1500593314080,33970218,222.20997959,0.0
1500593314080,33970218,220.77088108,273.323385
1500593314306,33970224,223.51431235,1.125463
1500593314306,33970224,223.51431233,0.0
1500593314319,33970226,223.51431234,0.0
1500593314319,33970226,223.51431236,0.193355
1500593314487,33970231,223.51431235,0.0
1500593314487,33970231,223.51430898,1.125463
1500593314662,33970235,223.51430898,0.0
1500593314662,33970235,223.51431237,1.125463
1500593314671,33970236,223.51431238,0.193355
1500593314671,33970236,223.51431236,0.0
1500593314834,33970242,223.51431237,0.0
1500593314834,33970242,223.51431239,1.125463
1500593314842,33970243,223.51431238,0.0
1500593314842,33970243,223.5143124,0.193355
1500593315006,33970246,223.51431239,0.0
1500593315006,33970246,223.51430898,1.125463
1500593315171,33970247,223.51430898,0.0
1500593315171,33970247,223.51431241,1.125463
1500593315180,33970248,223.5143124,0.0
1500593315180,33970248,223.51431242,0.193355
1500593315313,33970249,222.5815383,0.0
1500593315345,33970250,223.51431241,0.0
1500593315345,33970250,223.51430898,1.125463
1500593315527,33970252,222.58863049,10.21016
1500593315537,33970253,222.29263156,75.755938
1500593315537,33970253,222.58413049,0.0
1500593315688,33970257,223.51430898,0.0
1500593315688,33970257,223.51431243,1.125463
1500593315696,33970258,223.51431242,0.0
1500593315696,33970258,223.51431244,0.193355
1500593315860,33970259,223.51430898,1.125463
1500593315860,33970259,223.51431243,0.0
1500593316026,33970260,223.51430898,0.0
1500593316026,33970260,223.51431245,1.125463
1500593316036,33970262,223.51431244,0.0
1500593316036,33970262,223.51431246,0.193355
1500593316201,33970263,223.51431245,0.0
1500593316201,33970263,223.51430898,1.125463
1500593316365,33970264,223.51430898,0.0
1500593316365,33970264,223.51431247,1.125463
1500593316377,33970265,223.51431246,0.0
1500593316377,33970265,223.51431248,0.193355
1500593316543,33970266,223.51430898,1.125463
1500593316543,33970266,223.51431247,0.0
1500593316708,33970267,223.51430898,0.0
1500593316708,33970267,223.51431249,1.125463
1500593316731,33970270,223.51431248,0.0
1500593316731,33970270,223.5143125,0.193355
1500593316884,33970272,223.51431249,0.0
1500593316884,33970272,223.51430898,1.125474
1500593317051,33970273,223.51430898,0.0
1500593317051,33970273,223.51431251,1.125474
1500593317063,33970274,223.51431252,0.193355
1500593317063,33970274,223.5143125,0.0
1500593317232,33970275,223.51431253,1.125474
1500593317232,33970275,223.51431251,0.0
1500593317242,33970276,223.51431252,0.0
1500593317242,33970276,223.51431254,0.193355
1500593317412,33970277,223.51431253,0.0
1500593317412,33970277,223.51430898,1.125474
1500593317578,33970280,223.51430898,0.0
1500593317578,33970280,223.51431255,1.125474
1500593317595,33970281,223.51431256,0.193355
1500593317595,33970281,223.51431254,0.0
1500593317779,33970284,223.51431257,1.125474
1500593317779,33970284,223.51431255,0.0
1500593317804,33970285,223.51431258,0.193355
1500593317804,33970285,223.51431256,0.0
1500593317974,33970287,223.51431257,0.0
1500593317974,33970287,223.51431259,1.125474
1500593317984,33970288,223.51431258,0.0
1500593317984,33970288,223.5143126,0.193355
1500593318164,33970291,223.51431259,0.0
1500593318164,33970291,223.51430898,1.125474
1500593318164,33970292,222.07576644,75.829917
1500593318164,33970292,222.29263156,0.0
1500593318313,33970293,223.51430898,0.0
1500593318313,33970293,223.51431261,1.125474
1500593318323,33970294,223.51431262,0.193355
1500593318323,33970294,223.5143126,0.0
1500593318544,33970295,223.51431261,0.0
1500593318544,33970295,223.51431263,1.125474
1500593318556,33970296,223.51431262,0.0
1500593318556,33970296,223.51431264,0.193355
1500593318813,33970298,223.51430898,1.125474
1500593318813,33970298,223.51431263,0.0
1500593318978,33970300,223.51430898,0.0
1500593318978,33970300,223.51431265,1.125474
1500593318989,33970301,223.51431266,0.193355
1500593318989,33970301,223.51431264,0.0
1500593319152,33970303,223.51431265,0.0
1500593319152,33970303,223.51431267,1.125474
1500593319166,33970304,223.51431268,0.193355
1500593319166,33970304,223.51431266,0.0
1500593319336,33970305,223.51431269,1.125474
1500593319336,33970305,223.51431267,0.0
1500593319352,33970306,223.5143127,0.193355
1500593319352,33970306,223.51431268,0.0
1500593319671,33970307,222.08740289,271.703139
1500593319671,33970307,220.77088108,0.0
1500593319719,33970308,223.51431269,0.0
1500593319719,33970308,223.51431271,1.125474
1500593319732,33970309,223.5143127,0.0
1500593319732,33970309,223.51431272,0.193355
1500593319897,33970312,223.51431271,0.0
1500593319897,33970312,223.51430898,1.125499
1500593320061,33970313,223.51430898,0.0
1500593320061,33970313,223.51431273,1.125499
1500593320073,33970314,223.51431274,0.193355
1500593320073,33970314,223.51431272,0.0
1500593320237,33970316,223.51431275,1.125499
1500593320237,33970316,223.51431273,0.0
1500593320247,33970317,223.51431274,0.0
1500593320247,33970317,223.51431276,0.193355
1500593320410,33970320,223.51431275,0.0
1500593320410,33970320,223.51430898,1.125499
1500593320578,33970322,223.51430898,0.0
1500593320578,33970322,223.51431277,1.125499
1500593320912,33970323,222.75326054,75.599283
1500593320912,33970323,222.07576644,0.0
1500593321535,33970326,223.51431278,0.193355
1500593321535,33970326,223.51431276,0.0
1500593321709,33970331,223.51431277,0.0
1500593321709,33970331,223.51431279,1.125499
1500593321719,33970332,223.51431278,0.0
1500593321719,33970332,223.5143128,0.193355
1500593321882,33970335,223.51431279,0.0
1500593321882,33970335,223.51430898,1.125499
1500593322048,33970336,223.51430898,0.0
1500593322048,33970336,223.51431281,1.125499
1500593322058,33970337,223.5143128,0.0
1500593322058,33970337,223.51431282,0.193355
1500593322225,33970339,223.51431281,0.0
1500593322225,33970339,223.51430898,1.125499
1500593322392,33970341,223.51430898,0.0
1500593322392,33970341,223.51431283,1.125499
1500593322440,33970342,223.51431282,0.0
1500593322440,33970342,223.51431284,0.193355
1500593322604,33970345,223.51431283,0.0
1500593322604,33970345,223.51430898,1.125499
1500593322769,33970346,223.51430898,0.0
1500593322769,33970346,223.51431285,1.125499
1500593322779,33970347,223.51431284,0.0
1500593322779,33970347,223.51431286,0.193355
1500593322943,33970349,223.51430898,1.125499
1500593322943,33970349,223.51431285,0.0
1500593323116,33970350,223.51430898,0.0
1500593323116,33970350,223.51431287,1.125499
1500593323127,33970351,223.51431288,0.193355
1500593323127,33970351,223.51431286,0.0
1500593323290,33970352,223.51431287,0.0
1500593323290,33970352,223.51431289,1.125499
1500593323305,33970353,223.5143129,0.193355
1500593323305,33970353,223.51431288,0.0
1500593323468,33970354,223.51431291,1.125499
1500593323468,33970354,223.51431289,0.0
1500593323478,33970355,223.5143129,0.0
1500593323478,33970355,223.51431292,0.193355
1500593323641,33970358,223.51431291,0.0
1500593323641,33970358,223.51430898,1.125499
1500593323805,33970359,223.51430898,0.0
1500593323805,33970359,223.51431293,1.125499
1500593323815,33970360,223.51431292,0.0
1500593323815,33970360,223.51431294,0.193355
1500593323970,33970361,222.34088451,75.739497
1500593323970,33970361,222.75326054,0.0
1500593323997,33970362,223.51430898,1.125499
1500593323997,33970362,223.51431293,0.0
1500593324164,33970364,223.51430898,0.0
1500593324164,33970364,223.51431295,1.125499
1500593324183,33970365,223.51431294,0.0
1500593324183,33970365,223.51431296,0.193355
1500593324346,33970369,223.51431295,0.0
1500593324346,33970369,223.51430898,1.125499
1500593324512,33970370,223.51430898,0.0
1500593324512,33970370,223.51431297,1.125499
1500593324561,33970372,223.51431298,0.193355
1500593324561,33970372,223.51431296,0.0
1500593324724,33970374,223.51431297,0.0
1500593324724,33970374,223.51431299,1.125499
1500593324733,33970375,223.514313,0.193355
1500593324733,33970375,223.51431298,0.0
1500593324899,33970376,223.51431301,1.125499
1500593324899,33970376,223.51431299,0.0
1500593324908,33970377,223.514313,0.0
1500593324908,33970377,223.51431302,0.193355
1500593325076,33970378,223.51431301,0.0
1500593325076,33970378,223.51430898,1.125499
1500593325249,33970379,223.51430898,0.0
1500593325249,33970379,223.51431303,1.125499
1500593325258,33970381,223.51431302,0.0
1500593325258,33970381,223.51431304,0.193355
1500593325427,33970382,223.51431303,0.0
1500593325427,33970382,223.51430898,1.125499
1500593325597,33970383,223.51430898,0.0
1500593325597,33970383,223.51431305,1.125499
1500593325613,33970384,223.51431306,0.193355
1500593325613,33970384,223.51431304,0.0
1500593325776,33970385,223.51431305,0.0
1500593325776,33970385,223.51431307,1.125499
1500593325788,33970386,223.51431308,0.193355
1500593325788,33970386,223.51431306,0.0
1500593325906,33970387,222.58863049,0.0
1500593325952,33970388,223.51431309,1.12758
1500593325952,33970388,223.51431307,0.0
1500593325961,33970389,223.5143131,0.193355
1500593325961,33970389,223.51431308,0.0
1500593326126,33970390,223.51431309,0.0
1500593326126,33970390,223.51431311,1.12758
1500593326134,33970391,223.5143131,0.0
1500593326134,33970391,223.51431312,0.193355
1500593326174,33970392,222.34538451,10.21016
1500593326299,33970394,223.51431311,0.0
1500593326299,33970394,223.51430898,1.12758
1500593326469,33970396,223.51430898,0.0
1500593326469,33970396,223.51431313,1.12758
1500593326479,33970397,223.51431312,0.0
1500593326479,33970397,223.51431314,0.193355
1500593326641,33970400,223.51431313,0.0
1500593326641,33970400,223.51430898,1.12758
1500593326655,33970401,222.34088451,0.0
1500593326655,33970401,222.09397551,75.823699
1500593326721,33970402,222.08740289,0.0
1500593326721,33970402,221.18047508,272.81723
1500593326807,33970403,223.51430898,0.0
1500593326807,33970403,223.51431315,1.12758
1500593326818,33970404,223.51431314,0.0
1500593326818,33970404,223.51431316,0.193355
1500593327043,33970405,223.51431315,0.0
1500593327043,33970405,223.51430898,1.12758
1500593327210,33970406,223.51430898,0.0
1500593327210,33970406,223.51431317,1.12758
1500593327219,33970407,223.51431316,0.0
1500593327219,33970407,223.51431318,0.193355
1500593327386,33970409,223.51430898,1.12758
1500593327386,33970409,223.51431317,0.0
1500593327556,33970410,223.51430898,0.0
1500593327556,33970410,223.51431319,1.12758
1500593327588,33970412,223.5143132,0.193355
1500593327588,33970412,223.51431318,0.0
1500593327753,33970415,223.51431319,0.0
1500593327753,33970415,223.51431321,1.12758
1500593327765,33970416,223.51431322,0.193355
1500593327765,33970416,223.5143132,0.0
1500593327929,33970418,223.51431321,0.0
1500593327929,33970418,223.51431323,1.12758
1500593328036,33970419,223.51431512,0.8
1500593328200,33970420,223.51431323,0.0
1500593328200,33970420,223.51431513,1.12758
1500593328211,33970421,223.51431322,0.0
1500593328211,33970421,223.51431514,0.193355
1500593328375,33970422,223.51431513,0.0
1500593328375,33970422,223.51431515,1.12758
1500593328663,33970424,223.51431514,0.0
1500593328663,33970424,223.51431516,0.193355
1500593328833,33970427,223.51431513,1.12758
1500593328833,33970427,223.51431515,0.0
1500593329389,33970430,223.51431513,0.0
1500593329389,33970430,223.51431517,1.12758
1500593329594,33970432,223.51431516,0.0
1500593329594,33970432,223.51431518,0.193355
1500593329758,33970434,223.51431517,0.0
1500593329758,33970434,223.51431513,1.127913
1500593329928,33970435,223.51431513,0.0
1500593329928,33970435,223.51431519,1.127913
1500593329958,33970437,223.51431518,0.0
1500593329958,33970437,223.5143152,0.193355
1500593330130,33970438,223.51431513,1.127913
1500593330130,33970438,223.51431519,0.0
1500593330296,33970439,223.51431513,0.0
1500593330296,33970439,223.51431521,1.127913
1500593330309,33970440,223.5143152,0.0
1500593330309,33970440,223.51431522,0.193355
1500593330473,33970442,223.51431513,1.127913
1500593330473,33970442,223.51431521,0.0
1500593330647,33970445,223.51431513,0.0
1500593330647,33970445,223.51431523,1.127913
1500593331534,33970446,222.09397551,0.0
1500593331534,33970446,222.32650889,58.573539
1500593331545,33970447,223.51431524,0.193355
1500593331545,33970447,223.51431522,0.0
1500593331711,33970450,223.51431523,0.0
1500593331711,33970450,223.51431525,1.127913
1500593332211,33970454,223.51431526,0.193355
1500593332211,33970454,223.51431524,0.0
1500593332358,33970456,223.51431525,0.0
1500593332699,33970460,221.58989335,272.313162
1500593332699,33970460,221.18047508,0.0
1500593337032,33970477,222.32650889,0.0
1500593337032,33970477,222.14181101,67.214806
1500593337085,33970478,221.58989335,0.0
1500593337085,33970478,221.22202719,272.765987
1500593337469,33970479,222.34538451,0.0
1500593337534,33970480,222.14971101,10.21016
1500593340087,33970491,221.22202719,0.0
1500593340087,33970491,221.44239286,272.494547
1500593340788,33970497,223.51431512,0.0
1500593340797,33970498,223.00000001,0.193355
1500593340797,33970498,223.51431526,0.0
1500593341804,33970505,223.51432,65.16
1500593341818,33970506,223.00000001,0.0
1500593341818,33970506,223.51432001,0.193355
1500593342143,33970508,110,83.7
1500593342762,33970509,221.44239286,0.0
1500593342762,33970509,221.87622366,271.961743
1500593343693,33970515,222.84527502,67.002626
1500593343693,33970515,222.14181101,0.0
1500593347418,33970531,223.51432002,1.127812
1500593347427,33970533,223.51432003,0.193355
1500593347427,33970533,223.51432001,0.0
1500593347599,33970535,223.51432004,1.127812
1500593347599,33970535,223.51432002,0.0
1500593347627,33970537,223.51432003,0.0
1500593347627,33970537,223.51432005,0.193355
1500593347791,33970539,223.51432001,1.127812
1500593347791,33970539,223.51432004,0.0
1500593347870,33970540,222.14971101,0.0
1500593347901,33970541,221.87622366,0.0
1500593347901,33970541,222.51921232,271.175886
1500593347956,33970542,223.51432006,1.127812
1500593347956,33970542,223.51432001,0.0
1500593347965,33970543,223.51432005,0.0
1500593347965,33970543,223.51432007,0.193355
1500593348061,33970544,223.51922005,10.21016
1500593348061,33970545,223.51922006,0.193355
1500593348061,33970545,223.51432007,0.0
1500593348129,33970546,223.51432001,1.127812
1500593348129,33970546,223.51432006,0.0
1500593348301,33970547,223.51922007,1.127812
1500593348301,33970547,223.51432001,0.0
1500593348314,33970548,223.51922008,0.193355
1500593348314,33970548,223.51922006,0.0
1500593348478,33970550,223.51922007,0.0
1500593348478,33970550,223.51922009,1.127812
1500593348486,33970551,223.5192201,0.193355
1500593348486,33970551,223.51922008,0.0
1500593348659,33970554,223.51922009,0.0
1500593348659,33970554,223.51922011,1.127812
1500593348671,33970555,223.51922012,0.193355
1500593348671,33970555,223.5192201,0.0
1500593348835,33970557,223.51922013,1.127812
1500593348835,33970557,223.51922011,0.0
1500593348845,33970558,223.51922014,0.193355
1500593348845,33970558,223.51922012,0.0
1500593349011,33970561,223.51922013,0.0
1500593349011,33970561,223.51922015,1.127812
1500593349019,33970562,223.51922014,0.0
1500593349019,33970562,223.51922016,0.193355
1500593349184,33970563,223.51922015,0.0
1500593349184,33970563,223.51922006,1.127812
1500593349351,33970566,223.51922017,1.127812
1500593349351,33970566,223.51922006,0.0
1500593349366,33970567,223.51922016,0.0
1500593349366,33970567,223.51922018,0.193355
1500593349530,33970568,223.51922006,1.127812
1500593349530,33970568,223.51922017,0.0
1500593349694,33970571,223.51922019,1.127812
1500593349694,33970571,223.51922006,0.0
1500593349703,33970573,223.51922018,0.0
1500593349703,33970573,223.5192202,0.193355
1500593349871,33970574,223.51922019,0.0
1500593349871,33970574,223.51922006,1.127812
1500593349968,33970575,222.01068076,67.254506
1500593349968,33970575,222.84527502,0.0
1500593350035,33970576,223.51922021,1.127812
1500593350035,33970576,223.51922006,0.0
1500593350044,33970577,223.51922022,0.193355
1500593350044,33970577,223.5192202,0.0
1500593350270,33970578,223.51922023,1.127837
1500593350270,33970578,223.51922021,0.0
1500593350279,33970579,223.51922022,0.0
1500593350279,33970579,223.51922024,0.193355
1500593350446,33970580,223.51922006,1.127837
1500593350446,33970580,223.51922023,0.0
1500593350612,33970581,223.51922025,1.127837
1500593350612,33970581,223.51922006,0.0
1500593350627,33970582,223.51922024,0.0
1500593350627,33970582,223.51922026,0.193355
1500593350796,33970585,223.51922025,0.0
1500593350796,33970585,223.51922006,1.127837
1500593350961,33970587,223.51922027,1.127837
1500593350961,33970587,223.51922006,0.0
1500593350979,33970588,223.51922028,0.193355
1500593350979,33970588,223.51922026,0.0
1500593351184,33970589,223.51922027,0.0
1500593351184,33970589,223.51922029,1.127837
1500593351197,33970590,223.51922028,0.0
1500593351197,33970590,223.5192203,0.193355
1500593351362,33970591,223.51922029,0.0
1500593351362,33970591,223.51922006,1.127837
1500593351531,33970592,223.51922031,1.127837
1500593351531,33970592,223.51922006,0.0
1500593351540,33970593,223.51922032,0.193355
1500593351540,33970593,223.5192203,0.0
1500593351674,33970596,222.51921232,0.0
1500593351674,33970596,222.08309333,271.708412
1500593351703,33970597,223.51922033,1.127837
1500593351703,33970597,223.51922031,0.0
1500593351732,33970598,223.51922032,0.0
1500593351732,33970598,223.51922034,0.193355
1500593351897,33970599,223.51922006,1.127837
1500593351897,33970599,223.51922033,0.0
1500593352061,33970600,223.51922035,1.127837
1500593352061,33970600,223.51922006,0.0
1500593352074,33970602,223.51922034,0.0
1500593352074,33970602,223.51922036,0.193355
1500593352238,33970603,223.51922035,0.0
1500593352238,33970603,223.51922006,1.127837
1500593352405,33970604,223.51922037,1.127837
1500593352405,33970604,223.51922006,0.0
1500593352419,33970605,223.51922038,0.193355
1500593352419,33970605,223.51922036,0.0
1500593352583,33970606,223.51922037,0.0
1500593352583,33970606,223.51922039,1.127837
1500593352593,33970607,223.5192204,0.193355
1500593352593,33970607,223.51922038,0.0
1500593352756,33970611,223.51922039,0.0
1500593352756,33970611,223.51922041,1.127837
1500593352778,33970612,223.5192204,0.0
1500593352778,33970612,223.51922042,0.193355
1500593352929,33970614,223.51922006,1.127837
1500593352929,33970614,223.51922041,0.0
1500593353098,33970615,223.51922043,1.127837
1500593353098,33970615,223.51922006,0.0
1500593353108,33970618,223.51922042,0.0
1500593353108,33970618,223.51922044,0.193355
1500593353290,33970624,223.51922043,0.0
1500593353290,33970624,223.51922006,1.127807
1500593353436,33970625,223.51922045,1.127807
1500593353436,33970625,223.51922006,0.0
1500593353444,33970626,223.51922046,2.918469
1500593353444,33970626,223.51922044,0.0
1500593353491,33970627,223.51432,0.0
1500593353551,33970628,223.51922047,0.622763
1500593353560,33970629,223.51922046,0.0
1500593353560,33970629,223.51922048,2.918469
1500593353567,33970630,222.89135905,66.988773
1500593353567,33970630,222.01068076,0.0
1500593353608,33970631,223.51922045,0.0
1500593353608,33970631,223.51922047,1.75057
1500593353775,33970632,223.51922047,0.622763
1500593353775,33970632,223.51922049,1.127807
1500593353786,33970633,223.51922048,0.0
1500593353786,33970633,223.5192205,2.918469
1500593353964,33970634,223.51922006,1.127807
1500593353964,33970634,223.51922049,0.0
1500593354129,33970635,223.51922051,1.127807
1500593354129,33970635,223.51922006,0.0
1500593354138,33970636,223.5192205,0.0
1500593354138,33970636,223.51922052,2.918469
1500593354300,33970637,223.51922051,0.0
1500593354300,33970637,223.51922048,1.127807
1500593354464,33970638,223.51922048,0.0
1500593354464,33970638,223.51922053,1.127807
1500593354484,33970640,223.51922054,2.918469
1500593354484,33970640,223.51922052,0.0
1500593354495,33970641,223.51923,65.16
1500593354511,33970643,223.51922054,0.0
1500593354511,33970643,223.51923001,2.918469
1500593354620,33970644,223.51923,63.350983
1500593354620,33970644,223.51923001,0.0
1500593354647,33970645,223.51922055,1.127807
1500593354647,33970645,223.51922053,0.0
1500593354656,33970646,223.51923001,0.422775
1500593354817,33970647,223.51922055,0.0
1500593354817,33970647,223.51923001,1.550582
1500593354826,33970648,223.51923002,0.422775
1500593354826,33970648,223.51923001,1.127807
1500593354994,33970649,223.51923002,1.550582
1500593354994,33970649,223.51923001,0.0
1500593355005,33970650,223.51923003,0.422775
1500593355005,33970650,223.51923002,1.127807
1500593355160,33970652,223.51923003,1.550582
1500593355160,33970652,223.51923002,0.0
1500593355169,33970653,223.51923003,1.127807
1500593355169,33970653,223.51923004,0.422775
1500593355326,33970657,223.51923003,0.0
1500593355326,33970657,223.51923004,1.550582
1500593355333,33970658,223.51923005,0.422775
1500593355333,33970658,223.51923004,1.127807
1500593355495,33970659,223.51923001,1.127807
1500593355495,33970659,223.51923004,0.0
1500593355534,33970660,223.51922047,0.0
1500593355534,33970660,223.51923006,0.622763
1500593355543,33970661,223.51923007,0.422775
1500593355543,33970661,223.51923005,0.0
1500593355660,33970662,223.51923006,1.75057
1500593355660,33970662,223.51923001,0.0
1500593355828,33970665,223.51923006,0.622763
1500593355828,33970665,223.51923008,1.127807
1500593355839,33970666,223.51923007,0.0
1500593355839,33970666,223.51923009,0.422775
1500593356002,33970667,223.51923001,1.124435
1500593356002,33970667,223.51923008,0.0
1500593356171,33970668,223.5192301,1.124435
1500593356171,33970668,223.51923001,0.0
1500593356180,33970669,223.51923009,0.0
1500593356180,33970669,223.51923011,0.422775
1500593356343,33970671,223.51923001,1.124435
1500593356343,33970671,223.5192301,0.0
1500593356478,33970672,223.51923006,0.0
1500593356478,33970672,223.51923012,0.622763
1500593356489,33970673,223.51923011,0.0
1500593356489,33970673,223.51923013,0.422775
1500593356519,33970674,223.51923012,1.747198
1500593356519,33970674,223.51923001,0.0
1500593356686,33970675,223.51923012,0.622763
1500593356686,33970675,223.51923014,1.124435
1500593356696,33970676,223.51923013,0.0
1500593356696,33970676,223.51923015,0.422775
1500593356859,33970678,223.51923001,1.124435
1500593356859,33970678,223.51923014,0.0
1500593357033,33970680,223.51923016,1.124435
1500593357033,33970680,223.51923001,0.0
1500593357047,33970681,223.51923017,0.422775
1500593357047,33970681,223.51923015,0.0
1500593357221,33970682,223.51923018,1.124435
1500593357221,33970682,223.51923016,0.0
1500593357231,33970683,223.51923019,0.422775
1500593357231,33970683,223.51923017,0.0
1500593357395,33970684,223.51923018,0.0
1500593357395,33970684,223.5192302,1.124435
1500593357405,33970685,223.51923019,0.0
1500593357405,33970685,223.51923021,0.422775
1500593357521,33970686,223.51923012,0.0
1500593357521,33970686,223.51923022,0.622763
1500593357534,33970687,223.51923023,0.422775
1500593357534,33970687,223.51923021,0.0
1500593357567,33970688,223.5192302,0.0
1500593357567,33970688,223.51923001,1.124435
1500593357734,33970689,223.51923024,1.124435
1500593357734,33970689,223.51923001,0.0
1500593357743,33970690,223.51923025,0.422775
1500593357743,33970690,223.51923023,0.0
1500593357909,33970691,223.51923026,1.124435
1500593357909,33970691,223.51923024,0.0
1500593357918,33970692,223.51923025,0.0
1500593357918,33970692,223.51923027,0.422775
1500593358083,33970694,223.51923026,0.0
1500593358083,33970694,223.51923023,1.124435
1500593358251,33970696,223.51923028,1.124435
1500593358251,33970696,223.51923023,0.0
1500593358263,33970697,223.51923027,0.0
1500593358263,33970697,223.51923029,0.422775
1500593358286,33970698,223.12051533,66.919972
1500593358286,33970698,222.89135905,0.0
1500593358321,33970699,223.51922005,0.0
1500593358431,33970701,223.51923023,1.124435
1500593358431,33970701,223.51923028,0.0
1500593358572,33970702,223.5192303,0.622763
1500593358572,33970702,223.51923022,0.0
1500593358580,33970703,223.52613029,10.21016
1500593358585,33970704,223.51923031,0.422775
1500593358585,33970704,223.51923029,0.0
1500593358597,33970705,223.5192303,1.747198
1500593358597,33970705,223.51923023,0.0
1500593358597,33970706,223.51923031,0.0
1500593358597,33970706,223.5261303,0.422775
1500593358668,33970707,221.8375139,272.009199
1500593358668,33970707,222.08309333,0.0
1500593358829,33970708,223.5261303,1.54721
1500593358829,33970708,223.5192303,0.622763
1500593358862,33970709,223.5261303,1.124435
1500593358862,33970709,223.52613031,0.422775
1500593358996,33970710,223.5261303,0.0
1500593358996,33970710,223.52613031,1.547245
1500593359013,33970711,223.52613031,1.12447
1500593359013,33970711,223.52613032,0.422775
1500593359160,33970713,223.52613031,0.0
1500593359160,33970713,223.5261303,1.12447
1500593359328,33970716,223.5261303,0.0
1500593359328,33970716,223.52613033,1.12447
1500593359343,33970717,223.52613032,0.0
1500593359343,33970717,223.52613034,0.422775
1500593359505,33970718,223.52613033,0.0
1500593359505,33970718,223.5261303,1.12447
1500593359624,33970719,223.52613035,0.622763
1500593359624,33970719,223.5192303,0.0
1500593359634,33970720,223.52613034,0.0
1500593359634,33970720,223.52613036,0.422775
1500593359669,33970721,223.5261303,0.0
1500593359669,33970721,223.52613035,1.747233
1500593359836,33970722,223.52613035,0.622763
1500593359836,33970722,223.52613037,1.12447
1500593359844,33970723,223.52613038,0.422775
1500593359844,33970723,223.52613036,0.0
1500593360007,33970725,223.52613039,1.12447
1500593360007,33970725,223.52613037,0.0
1500593360015,33970726,223.52613038,0.0
1500593360015,33970726,223.5261304,0.422775
1500593360188,33970727,223.5261303,1.12447
1500593360188,33970727,223.52613039,0.0
1500593360354,33970729,223.5261303,0.0
1500593360354,33970729,223.52613041,1.12447
1500593360363,33970731,223.5261304,0.0
1500593360363,33970731,223.52613042,0.422775
1500593360527,33970733,223.5261303,1.12447
1500593360527,33970733,223.52613041,0.0
1500593360562,33970734,222.16709551,67.207156
1500593360562,33970734,223.12051533,0.0
1500593360566,33970735,223.52613035,0.0
1500593360566,33970735,223.52613043,0.622763
1500593360578,33970736,223.52613042,0.0
1500593360578,33970736,223.52613044,0.422775
1500593360692,33970738,223.5261303,0.0
1500593360692,33970738,223.52613043,1.747233
1500593360857,33970739,223.52613043,0.622763
1500593360857,33970739,223.52613045,1.12447
1500593360869,33970740,223.52613046,0.422775
1500593360869,33970740,223.52613044,0.0
1500593361032,33970741,223.52613045,0.0
1500593361032,33970741,223.52613047,1.12447
1500593361044,33970742,223.52613048,0.422775
1500593361044,33970742,223.52613046,0.0
1500593361213,33970743,223.52613047,0.0
1500593361213,33970743,223.52613049,1.12447
1500593361223,33970744,223.52613048,0.0
1500593361223,33970744,223.5261305,0.422775
1500593361390,33970745,223.52613049,0.0
1500593361390,33970745,223.5261303,1.12447
1500593361556,33970746,223.5261303,0.0
1500593361556,33970746,223.52613051,1.12447
1500593361614,33970748,223.52613043,0.0
1500593361614,33970748,223.52613052,0.622763
1500593361619,33970749,223.5261305,0.0
1500593361619,33970749,223.52613052,1.045538
1500593361726,33970751,223.52613053,0.422775
1500593361726,33970751,223.52613052,0.622763
1500593361788,33970753,223.52613053,1.547245
1500593361788,33970753,223.52613051,0.0
1500593361796,33970754,223.52613054,0.422775
1500593361796,33970754,223.52613053,1.12447
1500593361962,33970755,223.52613054,1.547245
1500593361962,33970755,223.52613053,0.0
1500593361973,33970756,223.52613055,0.422775
1500593361973,33970756,223.52613054,1.12447
1500593362129,33970759,223.52613055,1.547613
1500593362129,33970759,223.52613054,0.0
1500593362137,33970760,223.52613056,0.422775
1500593362137,33970760,223.52613055,1.124838
1500593362294,33970761,223.52613056,1.547613
1500593362294,33970761,223.52613055,0.0
1500593362307,33970762,223.52613057,0.422775
1500593362307,33970762,223.52613056,1.124838
1500593362458,33970763,223.52613057,1.547613
1500593362458,33970763,223.52613056,0.0
1500593362466,33970764,223.52613057,1.124838
1500593362466,33970764,223.52613058,0.422775
1500593362544,33970765,223.52613059,0.622763
1500593362544,33970765,223.52613052,0.0
1500593362554,33970766,223.5261306,0.422775
1500593362554,33970766,223.52613058,0.0
1500593362634,33970767,223.52613057,0.0
1500593362634,33970767,223.52613058,1.124838
1500593362801,33970770,223.52613061,1.124838
1500593362801,33970770,223.52613058,0.0
1500593362810,33970771,223.52613062,0.422775
1500593362810,33970771,223.5261306,0.0
1500593362974,33970772,223.52613063,1.124838
1500593362974,33970772,223.52613061,0.0
1500593362985,33970773,223.52613062,0.0
1500593362985,33970773,223.52613064,0.422775
1500593363160,33970774,223.52613063,0.0
1500593363160,33970774,223.5261306,1.124838
1500593363314,33970775,223.52613065,1.124838
1500593363314,33970775,223.5261306,0.0
1500593363323,33970776,223.52613064,0.0
1500593363323,33970776,223.52613066,0.422775
1500593363496,33970778,223.5261306,1.124838
1500593363496,33970778,223.52613065,0.0
1500593363591,33970779,223.52613059,0.0
1500593363591,33970779,223.52613067,0.622763
1500593363600,33970780,223.52613068,0.422775
1500593363600,33970780,223.52613066,0.0
1500593363663,33970781,223.52613067,1.747601
1500593363663,33970781,223.5261306,0.0
1500593363759,33970782,215.00000001,2.765713
1500593363778,33970783,221.8375139,0.0
1500593363778,33970783,222.18090839,271.588792
1500593363834,33970785,223.52613067,0.622763
1500593363834,33970785,223.52613069,1.124838
1500593363852,33970787,223.52613068,0.0
1500593363852,33970787,223.5261307,0.422775
1500593364018,33970788,223.52613069,0.0
1500593364018,33970788,223.5261303,1.124838
1500593364184,33970790,223.5261303,0.0
1500593364184,33970790,223.52613071,1.124838
1500593364194,33970791,223.52613072,0.422775
1500593364194,33970791,223.5261307,0.0
1500593364363,33970792,223.52613071,0.0
1500593364363,33970792,223.52613073,1.124838
1500593364373,33970793,223.52613072,0.0
1500593364373,33970793,223.52613074,0.422775
1500593364542,33970794,223.5261303,1.124838
1500593364542,33970794,223.52613073,0.0
1500593364729,33970795,222.83479963,67.005776
1500593364729,33970795,222.16709551,0.0
1500593364748,33970796,223.5261303,0.0
1500593364748,33970796,223.52613075,1.124838
1500593364765,33970798,223.52613076,0.422775
1500593364765,33970798,223.52613074,0.0
1500593364926,33970799,223.52613075,0.0
1500593364926,33970799,223.52613077,1.124838
1500593364935,33970800,223.52613078,0.422775
1500593364935,33970800,223.52613076,0.0
1500593365112,33970802,223.52613077,0.0
1500593365112,33970802,223.52613079,1.124536
1500593366378,33970805,223.51923,0.0
1500593366389,33970806,223.52613078,0.0
1500593366389,33970806,223.5261308,0.422775
1500593366538,33970808,222.83479963,0.0
1500593366538,33970808,223.03086754,66.946871
1500593366552,33970810,223.52613068,1.124536
1500593366552,33970810,223.52613079,0.0
1500593366720,33970813,223.52613068,0.0
1500593366720,33970813,223.52613081,1.124536
1500593366730,33970814,223.5261308,0.0
1500593366730,33970814,223.52613082,0.422775
1500593367035,33970815,223.52613068,1.124536
1500593367035,33970815,223.52613081,0.0
1500593367201,33970817,223.52613068,0.0
1500593367201,33970817,223.52613083,1.124536
1500593367211,33970818,223.52613082,0.0
1500593367211,33970818,223.52613084,0.422775
1500593367380,33970819,223.52613083,0.0
1500593367380,33970819,223.52613068,1.124536
1500593367796,33970823,223.52613068,0.0
1500593367796,33970823,223.52613085,1.124536
1500593367804,33970825,223.52613084,0.0
1500593367804,33970825,223.52613086,2.986696
1500593367969,33970827,223.52613085,0.0
1500593367969,33970827,223.52613068,1.124536
1500593368135,33970829,223.52613068,0.0
1500593368135,33970829,223.52613087,1.124536
1500593368144,33970830,223.52613088,2.986696
1500593368144,33970830,223.52613086,0.0
1500593368308,33970832,223.52613089,1.124861
1500593368308,33970832,223.52613087,0.0
1500593368323,33970833,223.5261309,2.986696
1500593368323,33970833,223.52613088,0.0
1500593368487,33970836,223.52613089,0.0
1500593368487,33970836,223.52613091,1.124861
1500593368497,33970837,223.52613092,2.986696
1500593368497,33970837,223.5261309,0.0
1500593368647,33970838,223.52613029,0.0
1500593368663,33970839,223.52613091,0.0
1500593368663,33970839,223.52613093,1.124861
1500593368671,33970840,223.52613094,2.986696
1500593368671,33970840,223.52613092,0.0
1500593368836,33970841,223.52613093,0.0
1500593368836,33970841,223.52613095,1.124861
1500593368845,33970842,223.52613094,0.0
1500593368845,33970842,223.52613096,2.986696
1500593368892,33970843,222.72037798,67.0402
1500593368892,33970843,223.03086754,0.0
1500593369009,33970844,223.52613068,1.124861
1500593369009,33970844,223.52613095,0.0
1500593369173,33970847,223.52613068,0.0
1500593369173,33970847,223.52613097,1.124861
1500593369184,33970848,223.52613096,0.0
1500593369184,33970848,223.52613098,2.986696
1500593369315,33970849,223.04176754,10.21016
1500593369349,33970850,223.52613068,1.124861
1500593369349,33970850,223.52613097,0.0
1500593369502,33970851,224.47789999,7.401992
1500593369517,33970852,223.52613068,0.0
1500593369517,33970852,223.52613099,1.124861
1500593369526,33970853,223.52613098,0.0
1500593369526,33970853,223.526131,2.986696
1500593369550,33970856,223.526131,0.0
1500593369550,33970856,224.4779,2.986696
1500593369669,33970858,223.52613067,0.0
1500593369669,33970858,224.47790001,0.622763
1500593369681,33970859,222.18090839,0.0
1500593369681,33970859,222.38458997,271.340045
1500593369687,33970860,223.52613099,0.0
1500593369687,33970861,224.47790002,2.986696
1500593369687,33970861,224.4779,0.0
1500593369704,33970862,223.5361,2.956829
1500593369872,33970865,224.47790001,0.0
1500593369872,33970865,224.47790003,0.622763
1500593369884,33970867,224.47790002,0.0
1500593369884,33970867,224.47790004,2.986696
1500593369984,33970868,223.04176754,0.0
1500593370094,33970869,224.47790005,0.622763
1500593370094,33970869,224.47790003,0.0
1500593370104,33970870,224.47790006,2.986696
1500593370104,33970870,224.47790004,0.0
1500593370297,33970872,224.47790005,0.0
1500593370297,33970872,224.47790007,0.622763
1500593370315,33970873,224.47790006,0.0
1500593370315,33970873,224.47790008,2.986696
1500593370623,33970876,224.47790007,0.0
1500593370623,33970876,224.47790009,0.622763
1500593370639,33970877,224.47790008,0.0
1500593370639,33970877,224.4779001,2.986696
1500593370810,33970878,223.5361,0.0
1500593370810,33970878,224.4879,2.956829
1500593370827,33970880,224.48790001,2.986696
1500593370827,33970880,224.4779001,0.0
1500593371160,33970884,224.48790002,1.121525
1500593371170,33970885,224.48790001,0.0
1500593371170,33970885,224.48790003,2.986696
1500593371336,33970886,224.48790001,1.121525
1500593371336,33970886,224.48790002,0.0
1500593371519,33970887,224.48790001,0.0
1500593371519,33970887,224.48790004,1.121525
1500593371555,33970888,224.48790005,2.986696
1500593371555,33970888,224.48790003,0.0
1500593371570,33970889,224.48790005,3.609459
1500593371570,33970889,224.47790009,0.0
1500593371579,33970890,224.48790005,0.622763
1500593371579,33970890,224.48790006,2.986696
1500593371724,33970891,224.48790004,0.0
1500593371724,33970891,224.48790006,4.108221
1500593371733,33970892,224.48790007,2.986696
1500593371733,33970892,224.48790006,1.121525
1500593371901,33970893,224.48790007,4.108221
1500593371901,33970893,224.48790006,0.0
1500593371901,33970894,224.48790007,1.121525
1500593371901,33970894,224.48790008,2.986696
1500593372056,33970895,224.48790007,0.0
1500593372056,33970895,224.48790008,4.108221
1500593372063,33970896,224.4879,0.0
1500593372063,33970896,224.4979,3.01419
1500593372067,33970898,224.48790008,1.121525
1500593372067,33970898,224.48790009,2.986696
1500593372077,33970899,224.49790001,2.986696
1500593372077,33970899,224.48790009,0.0
1500593372231,33970900,224.48790008,0.0
1500593372231,33970900,224.48790009,1.121525
1500593372389,33970904,224.49790002,1.121525
1500593372389,33970904,224.48790009,0.0
1500593372400,33970905,224.49790001,0.0
1500593372400,33970905,224.49790003,2.986696
1500593372533,33970907,222.72037798,0.0
1500593372533,33970907,222.04383215,67.244465
1500593372563,33970908,224.49790001,1.121525
1500593372563,33970908,224.49790002,0.0
1500593372731,33970909,224.49790001,0.0
1500593372731,33970909,224.49790004,1.121525
1500593372740,33970910,224.49790003,0.0
1500593372740,33970910,224.49790005,2.986696
1500593372751,33970911,224.47789999,0.0
1500593372907,33970912,224.49790004,0.0
1500593372907,33970912,224.49790001,1.121525
1500593373091,33970913,224.49790001,0.0
1500593373091,33970913,224.49790006,1.121525
1500593373091,33970914,224.49790005,0.0
1500593373091,33970914,224.49790007,2.986696
1500593373250,33970915,224.49790006,0.0
1500593373250,33970915,224.49790001,1.121525
1500593373251,33970916,224.5079,2.956829
1500593373251,33970916,224.4979,0.0
1500593373270,33970918,224.49790007,0.0
1500593373270,33970918,224.50790001,2.986696
1500593373415,33970919,224.49790001,0.0
1500593373415,33970919,224.49790008,1.121525
1500593373583,33970921,224.50790002,1.121525
1500593373583,33970921,224.49790008,0.0
1500593373594,33970922,224.50790003,2.986696
1500593373594,33970922,224.50790001,0.0
1500593373757,33970923,224.50790004,1.121525
1500593373757,33970923,224.50790002,0.0
1500593373767,33970924,224.50790005,2.986696
1500593373767,33970924,224.50790003,0.0
1500593373826,33970925,222.38458997,0.0
1500593373826,33970925,222.0447437,271.755339
1500593373831,33970926,224.48791,51.13
1500593373931,33970927,224.50790004,0.0
1500593373931,33970927,224.50790006,1.121525
1500593373941,33970928,224.50790005,0.0
1500593373941,33970928,224.50790007,2.986696
1500593374105,33970929,224.50790001,1.121197
1500593374105,33970929,224.50790006,0.0
1500593374190,33970930,224.51790005,1.3
1500593374202,33970931,224.51790006,2.986696
1500593374202,33970931,224.50790007,0.0
1500593374234,33970932,224.51790006,1.986696
1500593374271,33970933,224.50790008,1.121197
1500593374271,33970933,224.50790001,0.0
1500593374363,33970936,224.5179,2.956829
1500593374363,33970936,224.5079,0.0
1500593374449,33970939,224.51790007,1.121197
1500593374449,33970939,224.50790008,0.0
1500593374459,33970941,224.51790008,2.986696
1500593374459,33970941,224.51790006,0.0
1500593374540,33970942,222.04383215,0.0
1500593374540,33970942,222.6385324,67.064845
1500593374622,33970944,224.51790009,1.121197
1500593374622,33970944,224.51790007,0.0
1500593374636,33970946,224.51790008,0.0
1500593374636,33970946,224.5179001,2.986696
1500593374799,33970948,224.51790006,1.121197
1500593374799,33970948,224.51790009,0.0
1500593374963,33970950,224.51790011,1.121197
1500593374963,33970950,224.51790006,0.0
1500593375749,33970953,224.5179001,0.0
1500593375749,33970953,224.51790012,2.986696
1500593375911,33970955,224.5279,2.956829
1500593375911,33970955,224.5179,0.0
1500593375951,33970957,224.51790006,1.121197
1500593375951,33970957,224.51790011,0.0
1500593376120,33970960,224.52790001,1.121197
1500593376120,33970960,224.51790006,0.0
1500593377840,33970962,224.48790005,0.0
1500593377840,33970962,224.52790002,0.622763
1500593377850,33970963,224.51790012,0.0
1500593377850,33970963,224.52790003,2.986696
1500593378005,33970965,224.52790003,4.107893
1500593378005,33970965,224.52790001,0.0
1500593378017,33970966,224.5279,0.0
1500593378017,33970966,224.5378,2.92726
1500593378184,33970969,224.51790005,0.0
1500593378184,33970970,224.52790003,2.986696
1500593378184,33970970,224.52790004,1.121197
1500593378276,33970973,224.53780001,0.622763
1500593378276,33970973,224.52790002,0.0
1500593378382,33970975,224.52790004,0.0
1500593378382,33970975,224.53780001,1.74396
1500593378532,33970977,224.53780001,0.622763
1500593378532,33970977,224.53780002,1.121197
1500593378541,33970978,224.52790003,0.0
1500593378541,33970978,224.53780003,2.986696
1500593378667,33970980,224.53780001,0.0
1500593378667,33970980,224.53780004,0.622763
1500593378836,33970981,224.53780002,0.0
1500593378836,33970981,224.53780001,1.121197
1500593379000,33970983,224.53780001,0.0
1500593379000,33970983,224.53780005,1.121197
1500593379125,33970984,224.53780004,0.0
1500593379125,33970984,224.53780006,0.622763
1500593379173,33970985,224.5378,0.0
1500593379173,33970985,224.5478,2.956829
1500593379291,33970987,224.53780004,1.121197
1500593379291,33970987,224.53780005,0.0
1500593379298,33970988,224.53780006,0.0
1500593379298,33970988,224.54780001,0.622763
1500593379301,33970989,224.54780001,3.609459
1500593379301,33970989,224.53780003,0.0
1500593379455,33970992,224.53780004,0.0
1500593379455,33970992,224.54780001,4.730656
1500593379629,33970994,224.54780002,1.121197
1500593379629,33970994,224.54780001,3.609459
1500593379737,33970997,224.54780003,0.622763
1500593379737,33970997,224.54780001,2.986696
1500593379901,33970998,224.54780004,1.121197
1500593379901,33970998,224.54780002,0.0
1500593380138,33971000,224.54780005,2.986696
1500593380138,33971000,224.54780001,0.0
1500593380162,33971002,224.55780004,1.3
1500593380303,33971005,224.5578,2.956829
1500593380303,33971005,224.5478,0.0
1500593380304,33971007,224.54780006,1.121202
1500593380304,33971007,224.54780004,0.0
1500593380563,33971011,224.54780003,0.0
1500593380563,33971011,224.55780005,0.622763
1500593380594,33971012,224.55780005,1.743965
1500593380594,33971012,224.54780006,0.0
1500593380758,33971015,224.55780006,1.121202
1500593380758,33971015,224.55780005,0.622763
1500593380923,33971016,224.55780005,1.743965
1500593380923,33971016,224.55780006,0.0
1500593380933,33971017,224.55780006,2.986696
1500593380933,33971017,224.54780005,0.0
1500593381104,33971019,224.55780007,1.121202
1500593381104,33971019,224.55780005,0.622763
1500593381399,33971021,222.34178507,271.392282
1500593381399,33971021,222.0447437,0.0
1500593381511,33971022,224.55780008,0.622763
1500593381511,33971022,224.55780005,0.0
1500593381582,33971023,224.5678,2.956829
1500593381582,33971023,224.5578,0.0
1500593381675,33971025,224.55780009,1.121202
1500593381675,33971025,224.55780007,0.0
1500593381685,33971026,224.56780001,2.986696
1500593381685,33971026,224.55780006,0.0
1500593381841,33971030,224.55780009,0.0
1500593381841,33971030,224.56780001,4.107898
1500593382007,33971032,224.56780001,2.986696
1500593382007,33971032,224.56780002,1.121202
1500593382574,33971034,224.56780003,0.622763
1500593382574,33971034,224.55780008,0.0
1500593382582,33971035,224.56780001,0.0
1500593382582,33971035,224.56780004,2.986696
1500593382737,33971037,224.56780002,0.0
1500593382737,33971037,224.56780004,4.107898
1500593382767,33971038,224.5778,2.956829
1500593382767,33971038,224.5678,0.0
1500593382909,33971041,224.56780004,2.986696
1500593382909,33971041,224.56780005,1.0
1500593383079,33971043,224.57780001,1.0
1500593383079,33971043,224.56780005,0.0
1500593383125,33971044,223.5,0.408
1500593383406,33971045,224.55780004,0.0
1500593383418,33971046,224.56780004,0.0
1500593383418,33971046,224.57780002,2.986696
1500593383586,33971048,224.57780001,0.0
1500593383586,33971048,224.57780003,1.0
1500593384534,33971050,224.57780004,0.622763
1500593384534,33971050,224.56780003,0.0
1500593384546,33971051,224.57780005,2.986696
1500593384546,33971051,224.57780002,0.0
1500593384700,33971053,224.57780005,3.986696
1500593384700,33971053,224.57780003,0.0
1500593384710,33971054,224.5778,0.0
1500593384710,33971054,224.5878,2.956829
1500593384864,33971057,224.57780005,2.986696
1500593384864,33971057,224.57780006,1.0
1500593385029,33971060,224.57780006,0.0
1500593385029,33971060,224.58780001,1.0
1500593385480,33971062,224.57780004,0.0
1500593385480,33971062,224.58780002,0.622763
1500593385522,33971063,224.57780005,0.0
1500593385522,33971063,224.58780003,2.986696
1500593385645,33971065,224.58780001,0.0
1500593385645,33971065,224.58780003,3.986696
1500593385740,33971067,222.35586718,67.1501
1500593385740,33971067,222.6385324,0.0
1500593385810,33971068,224.58780004,1.0
1500593385810,33971068,224.58780003,2.986696
1500593385827,33971069,224.5978,3.01419
1500593385827,33971069,224.5878,0.0
1500593386001,33971071,224.58780004,0.0
1500593386001,33971071,224.59780001,1.0
1500593386024,33971073,224.6078,1.3
1500593386187,33971074,224.59780001,0.0
1500593386187,33971074,224.60780001,1.0
1500593386200,33971075,224.60780002,2.986696
1500593386200,33971075,224.58780003,0.0
1500593386240,33971077,224.48791,0.0
1500593386368,33971078,224.60780001,0.0
1500593386368,33971078,224.60780003,1.0
1500593386528,33971080,224.60780004,0.622763
1500593386528,33971080,224.58780002,0.0
1500593386692,33971081,224.60780003,0.0
1500593386692,33971081,224.60780005,1.0
1500593387614,33971082,224.587802,0.8
1500593387629,33971083,224.60780006,2.986696
1500593387629,33971083,224.60780002,0.0
1500593387812,33971085,224.5978,0.0
1500593387812,33971085,224.6178,2.956829
1500593387812,33971087,224.60780005,0.0
1500593387812,33971087,224.60780007,1.0
1500593388464,33971090,224.60780007,0.0
1500593388464,33971090,224.61780001,1.0
1500593388475,33971091,224.60780006,0.0
1500593388475,33971091,224.61780001,3.986696
1500593388516,33971093,224.60780004,0.0
1500593388516,33971093,224.61780002,0.622763
1500593388640,33971094,224.61780002,1.622763
1500593388640,33971094,224.61780001,2.986696
1500593388823,33971096,224.61780003,1.0
1500593388823,33971096,224.61780002,0.622763
1500593389002,33971097,224.6278,2.956829
1500593389002,33971097,224.6178,0.0
1500593389006,33971099,224.61780003,0.0
1500593389006,33971099,224.61780002,1.622763
1500593389038,33971100,222.06433984,67.238255
1500593389038,33971100,222.35586718,0.0
1500593389051,33971101,224.62780001,2.986696
1500593389051,33971101,224.61780001,0.0
1500593389215,33971104,224.62780002,1.0
1500593389215,33971104,224.61780002,0.622763
1500593389664,33971110,224.62780003,0.622763
1500593389664,33971110,224.61780002,0.0
1500593389688,33971111,224.62780001,0.0
1500593389688,33971111,224.62780004,3.111485
1500593389830,33971114,224.6078,0.0
1500593389830,33971115,224.62780002,0.0
1500593389830,33971115,224.62780004,4.111485
1500593390054,33971120,224.62780005,1.0
1500593390054,33971120,224.62780004,3.111485
1500593390202,33971121,224.6278,0.0
1500593390202,33971121,224.6378,3.01419
1500593390247,33971124,224.63780001,3.111485
1500593390247,33971124,224.62780004,0.0
1500593390366,33971126,224.62780005,0.0
1500593390366,33971126,224.63780001,4.111485
1500593390531,33971128,224.63780001,3.111485
1500593390531,33971128,224.63780002,1.0
1500593390611,33971129,224.63780003,0.622763
1500593390611,33971129,224.62780003,0.0
1500593390775,33971130,224.63780004,1.0
1500593390775,33971130,224.63780002,0.0
1500593390837,33971132,224.63780001,0.0
1500593390837,33971132,224.63780005,3.111485
1500593391022,33971134,224.63780004,0.0
1500593391022,33971134,224.63780006,1.0
1500593391365,33971138,224.6478,3.01419
1500593391365,33971138,224.6378,0.0
1500593391526,33971140,224.63780006,0.0
1500593391532,33971142,222.27765205,67.173728
1500593391532,33971142,222.06433984,0.0
1500593391541,33971143,224.63780005,0.0
1500593391541,33971143,224.64780001,3.111485
1500593392264,33971147,224.65780001,1.3
1500593392274,33971148,224.65780002,3.111485
1500593392274,33971148,224.64780001,0.0
1500593392379,33971150,224.63780003,0.0
1500593392379,33971150,224.65780003,0.622763
1500593392551,33971153,224.6478,0.0
1500593392551,33971153,223.01,3.01419
1500593395116,33971157,224.65780001,0.0
1500593395126,33971158,224.65780002,0.0
1500593395126,33971158,224.65780004,3.111485
1500593395285,33971160,223.01,0.0
1500593395285,33971160,223.0199,2.984048
1500593395519,33971161,224.65780003,0.0
1500593395519,33971161,224.65780005,0.622763
1500593395534,33971162,224.65780006,3.111485
1500593395534,33971162,224.65780004,0.0
1500593395610,33971164,222.27765205,0.0
1500593395610,33971164,222.08013717,67.233472
1500593396408,33971171,223.0299,2.954207
1500593396408,33971171,223.0199,0.0
1500593397509,33971182,224.65780005,0.0
1500593397509,33971182,224.65780007,0.622763
1500593397567,33971184,223.0299,0.0
1500593397567,33971184,223.0399,2.924664
1500593397571,33971185,224.65780006,0.0
1500593397571,33971185,224.65780008,3.111485
1500593398844,33971198,223.0399,0.0
1500593398844,33971198,223.0498,2.895417
1500593399607,33971211,222.08013717,0.0
1500593399607,33971211,222.47472661,67.114224
1500593399607,33971212,224.65780009,0.622763
1500593399607,33971212,224.65780007,0.0
1500593399727,33971215,224.6578001,3.111485
1500593399727,33971215,224.65780008,0.0
1500593399886,33971217,223.0498,0.0
1500593399886,33971217,223.01,3.01419
1500593401057,33971230,223.01,0.0
1500593401057,33971230,223.0199,2.984048
1500593401403,33971235,224.65780011,0.622763
1500593401403,33971235,224.65780009,0.0
1500593401416,33971237,224.6578001,0.0
1500593401416,33971237,224.65780012,3.111485
1500593401471,33971240,222.77205657,270.868104
1500593401471,33971240,222.34178507,0.0
1500593402276,33971251,223.0299,2.954207
1500593402276,33971251,223.0199,0.0
1500593402544,33971256,222.22261991,67.190364
1500593402544,33971256,222.47472661,0.0
1500593403382,33971266,224.65780013,0.622763
1500593403382,33971266,224.65780011,0.0
1500593403388,33971267,223.0299,0.0
1500593403388,33971267,223.0399,2.924664
1500593403396,33971269,224.65780014,3.111485
1500593403396,33971269,224.65780012,0.0
1500593403440,33971270,224.587802,0.0
1500593403929,33971276,200,251.693006
1500593404089,33971279,224.66780014,1.3
1500593404125,33971281,224.65780014,0.0
1500593404125,33971281,224.66780015,3.111485
1500593404879,33971285,223.0399,0.0
1500593404879,33971285,223.0498,2.895417
1500593405470,33971288,224.65780013,0.0
1500593405470,33971288,224.66780016,0.622763
1500593405485,33971289,224.66780015,0.0
1500593405485,33971289,224.66780017,3.111485
1500593405852,33971290,225,14.784325
1500593405861,33971291,224.66780017,0.0
1500593405861,33971291,225.00000001,3.111485
1500593406043,33971292,223.0498,0.0
1500593406043,33971292,223.01,3.01419
1500593407363,33971296,225.00000002,0.622763
1500593407363,33971296,224.66780016,0.0
1500593407384,33971297,225.00000001,0.0
1500593407384,33971297,225.00000003,3.111485
1500593407535,33971298,223.01,0.0
1500593407535,33971298,223.0199,2.984048
1500593407571,33971300,222.5608274,67.08826
1500593407571,33971300,222.22261991,0.0
1500593407641,33971301,224.66780014,0.0
1500593409302,33971303,223.0299,2.954207
1500593409302,33971303,223.0199,0.0
1500593409561,33971305,225.00000002,0.0
1500593409561,33971305,225.00000004,0.622763
1500593409575,33971306,225.00000005,3.111485
1500593409575,33971306,225.00000003,0.0
1500593410876,33971311,223.0299,0.0
1500593410876,33971311,223.0399,2.924664
1500593411546,33971313,225.00000006,0.622763
1500593411546,33971313,225.00000004,0.0
1500593411555,33971314,225.00000005,0.0
1500593411555,33971314,225.00000007,3.111485
1500593412042,33971319,223.0399,0.0
1500593412042,33971319,223.0498,2.895417
1500593412593,33971328,225.00000006,0.0
1500593412593,33971328,225.00000008,0.622763
1500593412612,33971330,225.00000009,3.111485
1500593412612,33971330,225.00000007,0.0
1500593413232,33971336,223.0498,0.0
1500593413232,33971336,223.01,3.01419
1500593413666,33971345,222.77973836,67.022337
1500593413666,33971345,222.5608274,0.0
1500593414446,33971353,223.01,0.0
1500593414446,33971353,223.0199,2.984048
1500593414487,33971357,225.0000001,0.622763
1500593414487,33971357,225.00000008,0.0
1500593414498,33971358,225.00000011,3.111485
1500593414498,33971358,225.00000009,0.0
1500593415711,33971369,223.0299,2.954207
1500593415711,33971369,223.0199,0.0
1500593416464,33971379,225.0000001,0.0
1500593416464,33971379,225.00000012,0.622763
1500593416475,33971380,225.00000011,0.0
1500593416475,33971380,225.00000013,3.111485
1500593416596,33971383,222.77973836,0.0
1500593416596,33971383,222.06070128,67.239356
1500593416702,33971384,221.66837765,272.216746
1500593416702,33971384,222.77205657,0.0
1500593416875,33971387,223.0299,0.0
1500593416875,33971387,223.0399,2.924664
1500593418142,33971399,223.0399,0.0
1500593418142,33971399,223.0498,2.895417
1500593418558,33971406,225.00000014,0.622763
1500593418558,33971406,225.00000012,0.0
1500593418568,33971407,225.00000013,0.0
1500593418568,33971407,225.00000015,3.111485
1500593418853,33971408,222.06070128,0.0
1500593418853,33971408,222.46862663,67.116064
1500593420410,33971410,223.0498,0.0
1500593420410,33971410,223.01,3.01419
1500593420425,33971412,225.00000213,0.8
1500593420445,33971414,225.00000214,3.121522
1500593420445,33971414,225.00000015,0.0
1500593420455,33971415,225.00000014,0.0
1500593420455,33971415,225.00000016,0.622763
1500593421541,33971422,222.88715599,66.990036
1500593421541,33971422,222.46862663,0.0
1500593421705,33971423,221.66837765,0.0
1500593421705,33971423,222.49085117,271.210453
1500593421715,33971424,223.01,0.0
1500593421715,33971424,223.0199,2.984048
1500593422540,33971426,225.00000215,0.622763
1500593422540,33971426,225.00000016,0.0
1500593422553,33971427,225.00000214,0.0
1500593422553,33971427,225.00000216,3.121522
1500593422878,33971430,223.0299,2.954207
1500593422878,33971430,223.0199,0.0
1500593424432,33971437,225.00000217,0.622763
1500593424432,33971437,225.00000215,0.0
1500593424442,33971438,225.00000218,3.121522
1500593424442,33971438,225.00000216,0.0
1500593424603,33971439,223.0299,0.0
1500593424603,33971439,223.0399,2.924664
1500593426424,33971442,225.00000219,0.622763
1500593426424,33971442,225.00000217,0.0
1500593426546,33971443,225.0000022,3.121522
1500593426546,33971443,225.00000218,0.0
1500593426596,33971444,223.0399,0.0
1500593426596,33971444,223.0498,2.895417
1500593426696,33971446,222.67618389,67.053505
1500593426696,33971446,222.88715599,0.0
1500593427768,33971447,221.67190877,272.21241
1500593427768,33971447,222.49085117,0.0
1500593427941,33971448,223.0498,0.0
1500593427941,33971448,223.01,3.01419
1500593428412,33971450,225.00000221,0.622763
1500593428412,33971450,225.00000219,0.0
1500593428443,33971451,225.00000222,3.121522
1500593428443,33971451,225.0000022,0.0
1500593428831,33971452,222.37782715,67.143469
1500593428831,33971452,222.67618389,0.0
1500593429176,33971454,223.01,0.0
1500593429176,33971454,223.0199,2.984048
1500593430502,33971457,225.00000221,0.0
1500593430502,33971457,225.00000223,0.622763
1500593430510,33971458,223.0299,2.954207
1500593430510,33971458,223.0199,0.0
1500593430518,33971460,225.00000222,0.0
1500593430518,33971460,225.00000224,3.121522
1500593431682,33971466,223.0299,0.0
1500593431682,33971466,223.0399,2.924664
1500593432396,33971474,225.00000223,0.0
1500593432396,33971474,225.00000225,0.622763
1500593432406,33971475,225.00000226,3.121522
1500593432406,33971475,225.00000224,0.0
1500593432890,33971479,223.0399,0.0
1500593432890,33971479,223.0498,2.895417
1500593433578,33971490,225.00000213,0.0
1500593434052,33971497,221.67190877,0.0
1500593434052,33971497,221.21399362,272.775892
1500593434107,33971499,223.0498,0.0
1500593434107,33971499,223.01,3.01419
1500593434424,33971506,225.00000227,0.622763
1500593434424,33971506,225.00000225,0.0
1500593434434,33971507,225.00000228,3.121522
1500593434434,33971507,225.00000226,0.0
1500593434690,33971512,225,0.0
1500593434690,33971512,225.00000227,0.0
1500593434690,33971512,225.00000228,0.0
1500593434712,33971513,223.01000001,3.121522
1500593434859,33971516,223.51430898,1.0
1500593434869,33971517,223.01000001,0.0
1500593434869,33971517,223.51430899,3.121522
1500593435037,33971519,223.51430898,0.0
1500593435037,33971519,223.514309,1.0
1500593435045,33971520,223.51430901,3.121522
1500593435045,33971520,223.51430899,0.0
1500593435210,33971521,223.51430902,1.0
1500593435210,33971521,223.514309,0.0
1500593435211,33971522,223.01,0.0
1500593435211,33971522,223.5243,3.01419
1500593435223,33971524,223.51430903,3.121522
1500593435223,33971524,223.51430901,0.0
1500593435233,33971525,223.51430903,0.0
1500593435233,33971525,223.52430001,3.121522
1500593435376,33971528,223.51430902,0.0
1500593435376,33971528,223.52430001,4.121522
1500593435429,33971529,223.52430002,3.121522
1500593435429,33971529,223.52430001,1.0
1500593435533,33971530,222.37782715,0.0
1500593435533,33971530,221.69329948,67.350789
1500593435540,33971531,223.52430002,4.121522
1500593435540,33971531,223.52430001,0.0
1500593435548,33971532,223.52430003,3.121522
1500593435548,33971532,223.52430002,1.0
1500593435703,33971533,223.52430003,4.121522
1500593435703,33971533,223.52430002,0.0
1500593435715,33971534,223.52430003,1.0
1500593435715,33971534,223.52430004,3.121522
1500593435870,33971535,223.52430003,0.0
1500593435870,33971535,223.52430004,4.121522
1500593435885,33971536,223.52430004,1.0
1500593435885,33971536,223.52430005,3.121522
1500593436058,33971537,223.52430004,0.0
1500593436058,33971537,223.52430005,4.121522
1500593436067,33971538,223.52430006,3.121522
1500593436067,33971538,223.52430005,1.0
1500593436222,33971539,223.52430006,4.121522
1500593436222,33971539,223.52430005,0.0
1500593436233,33971540,223.52430006,1.0
