timestamp,id,price,q
1500593105983,61401474,0.08375421,22.999725
1500593106366,61401476,0.08307371,113.41391
1500593106593,61401480,0.08307363,4.50856
1500593108551,61401482,0.08307363,0.0
1500593108605,61401483,0.08712,242.33993
1500593108605,61401483,0.08629,89.27571
1500593108625,61401484,0.0861799,0.0
1500593111220,61401489,0.08307369,10.0
1500593113602,61401496,0.08711,35.51646
1500593113602,61401496,0.08629,54.37802
1500593113909,61401497,0.08307369,0.0
1500593113993,61401498,0.08307366,0.708
1500593114073,61401499,0.08307366,0.0
1500593114211,61401500,0.0830736,0.70722
1500593114513,61401504,0.0830736,0.0
1500593114838,61401505,0.08307367,0.15538
1500593115007,61401507,0.08307361,2.39396
1500593115357,61401508,0.08138088,0.0
1500593115357,61401508,0.0818506,0.440767
1500593115587,61401509,0.0830736,3.99074
1500593115589,61401510,0.0871884,0.0
1500593115589,61401510,0.0878733,6.375878
1500593116580,61401513,0.08307371,0.0
1500593116726,61401515,0.08307367,0.0
1500593117021,61401516,0.08307361,0.0
1500593117364,61401518,0.0830736,0.0
1500593118018,61401521,0.08628997,1.9955
1500593119785,61401525,0.08712,297.2632
1500593119785,61401525,0.08629,0.0
1500593120101,61401526,0.08628997,0.0
1500593121332,61401531,0.0818506,0.0
1500593121332,61401531,0.08195042,0.440767
1500593124132,61401535,0.08659991,0.86979
1500593125089,61401537,0.08375421,0.0
1500593125183,61401538,0.08659991,0.0
1500593125656,61401539,0.08397487,22.999725
1500593126541,61401540,0.08339989,113.41391
1500593127008,61401544,0.08339999,0.0
1500593127472,61401545,0.08474999,33.763
1500593127987,61401549,0.08474999,0.0
1500593128513,61401554,0.08369999,33.763
1500593129339,61401555,0.08204879,0.440767
1500593129339,61401555,0.08195042,0.0
1500593129935,61401556,0.08339979,3.89253
1500593131487,61401560,0.08136911,6.094175
1500593131793,61401561,0.08369999,0.0
1500593131793,61401562,0.08339979,0.0
1500593132187,61401564,0.08474999,33.763
1500593132872,61401566,0.08474999,0.0
1500593133918,61401567,0.08397486,33.763
1500593134724,61401570,0.08339986,4.45944
1500593139350,61401583,0.08213184,0.440767
1500593139350,61401583,0.08204879,0.0
1500593139394,61401584,0.0833998,5.54056
1500593144795,61401600,0.08136911,5.988268
1500593145123,61401605,0.08397487,0.0
1500593146670,61401609,0.08339989,0.0
1500593146789,61401610,0.08339986,0.0
1500593148121,61401615,0.08136911,0.0
1500593148289,61401617,0.08153184,2.0
1500593148506,61401621,0.08397486,0.0
1500593149215,61401624,0.08474999,33.763
1500593149915,61401626,0.08153184,0.0
1500593150042,61401627,0.0833998,0.0
1500593150304,61401629,0.08659997,10.0
1500593150692,61401630,0.08676,35.9692
1500593150779,61401631,0.09774,0.0
1500593152209,61401635,0.08213147,6.133471
1500593153008,61401640,0.0814809,0.207345
1500593157142,61401648,0.0833997,113.41391
1500593157383,61401650,0.08206413,0.440767
1500593157383,61401650,0.08213184,0.0
1500593158191,61401652,0.0814809,0.0
1500593158191,61401652,0.08153185,0.207345
1500593159132,61401656,0.08213147,0.0
1500593159356,61401659,0.08206376,6.133471
1500593160204,61401664,0.08659997,0.0
1500593161331,61401668,0.08753,76.32704
1500593161331,61401668,0.0866,0.0
1500593161457,61401669,0.08339966,10.0
1500593161757,61401670,0.08339966,0.0
1500593162036,61401672,0.0878733,0.0
1500593162036,61401672,0.08687729,6.375878
1500593162336,61401679,0.08206376,0.0
1500593162578,61401680,0.08339933,6.133471
1500593162639,61401681,0.08339927,0.99213
1500593162884,61401682,0.0845,47.53368
1500593164032,61401687,0.08868,24.37625
1500593164094,61401689,0.08339929,9.00787
1500593164677,61401691,0.08339929,0.0
1500593164678,61401692,0.08206413,0.0
1500593164811,61401694,0.0833992,3.70724
1500593165438,61401696,0.08390677,22.999725
1500593165558,61401698,0.08339924,5.30063
1500593166450,61401701,0.08339933,0.0
1500593166508,61401702,0.08687729,0.0
1500593166508,61401702,0.087912,6.375878
1500593166672,61401704,0.08339883,6.133471
1500593166834,61401705,0.0833997,0.0
1500593167851,61401707,0.08153185,0.0
1500593168636,61401710,0.08753,128.48306
1500593168636,61401710,0.0845,0.0
1500593170154,61401716,0.08712597,6.375878
1500593170154,61401716,0.087912,0.0
1500593170786,61401719,0.08339882,0.606687
1500593172472,61401725,0.08474999,0.0
1500593172759,61401730,0.08339927,0.0
1500593173344,61401732,0.08390676,33.763
1500593175223,61401737,0.0833992,0.0
1500593176324,61401740,0.08390676,0.0
1500593176359,61401743,0.08339924,0.0
1500593176538,61401746,0.08339881,26.410935
1500593176678,61401748,0.08665992,10.0
1500593177195,61401749,0.08772,87.58691
1500593177195,61401749,0.08666,0.0
1500593177463,61401752,0.08339881,20.277464
1500593177683,61401753,0.08537799,33.763
1500593179184,61401757,0.08339883,0.0
1500593180025,61401759,0.08339844,6.133471
1500593180655,61401762,0.08339882,0.0
1500593180655,61401762,0.08339999,0.606687
1500593181290,61401766,0.08339999,0.0
1500593181290,61401766,0.08339843,0.60669
1500593181513,61401768,0.0864225,6.375878
1500593181513,61401768,0.08712597,0.0
1500593183145,61401771,0.08673,135.98244
1500593183145,61401771,0.08772,136.96369
1500593184936,61401776,0.08339842,2.0
1500593185046,61401777,0.08537799,0.0
1500593185450,61401778,0.08474999,33.763
1500593186371,61401780,0.08339841,1.086074
1500593186371,61401780,0.08339843,0.0
1500593186541,61401781,0.08339842,0.0
1500593186541,61401781,0.0833984,2.0
1500593186565,61401782,0.08665992,0.0
1500593186637,61401785,0.08672991,10.0
1500593187642,61401786,0.08339843,1.086074
1500593187642,61401786,0.08339841,0.0
1500593187643,61401787,0.08673,82.37444
1500593187643,61401787,0.08771,56.96927
1500593187811,61401788,0.08339842,2.0
1500593187811,61401788,0.0833984,0.0
1500593189120,61401793,0.08339881,0.0
1500593189352,61401795,0.08136902,1.01917
1500593189443,61401796,0.081369,1.717449
1500593189519,61401797,0.08339842,0.0
1500593189602,61401799,0.08339841,1.086074
1500593189602,61401799,0.08339843,0.0
1500593190034,61401801,0.08339843,1.086074
1500593190034,61401801,0.08339841,0.0
1500593190035,61401802,0.08136902,0.0
1500593190035,61401802,0.08339841,1.01917
1500593190473,61401805,0.08339841,2.736619
1500593190473,61401805,0.081369,0.0
1500593190473,61401806,0.08339841,3.822693
1500593190473,61401806,0.08339843,0.0
1500593190522,61401809,0.08339843,1.01917
1500593190522,61401809,0.08339841,2.803523
1500593190637,61401810,0.0833984,2.0
1500593190651,61401811,0.08136899,0.852595
1500593190816,61401812,0.0833984,0.0
1500593190948,61401813,0.08339844,0.0
1500593191130,61401814,0.08339841,3.822693
1500593191130,61401814,0.08339843,0.0
1500593191245,61401815,0.08136898,0.884228
1500593191245,61401815,0.08339841,2.736619
1500593191399,61401816,0.08339804,6.133471
1500593191420,61401817,0.08136902,1.019232
1500593191545,61401819,0.0864225,0.0
1500593191545,61401819,0.08559548,6.375878
1500593191668,61401820,0.08673,0.0
1500593191668,61401820,0.08771,142.65736
1500593191974,61401821,0.08136902,2.038402
1500593191974,61401821,0.08339841,1.717449
1500593192018,61401822,0.08136901,1.717449
1500593192018,61401822,0.08339841,0.0
1500593192035,61401823,0.081369,6.791272
1500593192479,61401828,0.08136902,1.019232
1500593192479,61401828,0.08136901,2.736619
1500593194386,61401831,0.08175781,0.440767
1500593194659,61401833,0.08672991,0.0
1500593195028,61401835,0.08136902,0.0
1500593195222,61401837,0.08339804,0.0
1500593195485,61401838,0.08675,149.98444
1500593195485,61401838,0.08771,166.90144
1500593195576,61401840,0.08136863,6.133471
1500593195576,61401841,0.0817578,1.01917
1500593195576,61401841,0.08136901,1.717449
1500593195611,61401844,0.08474999,0.0
1500593195718,61401846,0.08136854,9.19938
1500593195902,61401847,0.08136898,0.0
1500593195938,61401848,0.081369,0.0
1500593196324,61401852,0.08136853,1.405831
1500593196616,61401854,0.0817578,2.736619
1500593196616,61401854,0.08136901,0.0
1500593196675,61401855,0.08339803,33.763
1500593197820,61401857,0.08058167,9.199381
1500593197975,61401858,0.08058167,0.756085
1500593198279,61401859,0.08559548,0.0
1500593198279,61401859,0.08629612,6.375878
1500593198330,61401861,0.08136844,0.80062
1500593198818,61401865,0.08058161,10.176
1500593199207,61401867,0.08136863,0.0
1500593199451,61401868,0.08175781,0.0
1500593199451,61401868,0.08123472,0.440767
1500593199455,61401869,0.08675,73.78651
1500593199455,61401869,0.08771,245.61145
1500593199460,61401870,0.08136817,6.133471
1500593200547,61401874,0.08559496,6.375878
1500593200547,61401874,0.08629612,0.0
1500593201244,61401875,0.08058167,0.0
1500593201854,61401876,0.08058161,0.0
1500593202844,61401880,0.08675,0.0
1500593202844,61401880,0.08773,76.0725
1500593203406,61401882,0.08163792,0.440767
1500593203406,61401882,0.08123472,0.0
1500593203535,61401883,0.08136817,4.416022
1500593203586,61401885,0.08163791,1.01917
1500593203586,61401885,0.0817578,1.717449
1500593203587,61401886,0.08163791,2.736619
1500593203587,61401886,0.0817578,0.0
1500593206351,61401890,0.08136854,0.0
1500593206421,61401891,0.08136807,9.19938
1500593207921,61401897,0.08675994,9.19938
1500593208018,61401899,0.08136844,0.0
1500593208458,61401901,0.08772,175.07093
1500593208458,61401901,0.08676,0.0
1500593209943,61401904,0.08163792,0.0
1500593210264,61401905,0.08675994,0.0
1500593211144,61401908,0.08136817,0.0
1500593211202,61401909,0.0871099,0.60899
1500593211435,61401910,0.08136899,0.0
1500593211435,61401910,0.08136806,0.852595
1500593212232,61401912,0.08710989,2.46327
1500593213025,61401916,0.0813677,4.41945
1500593213099,61401917,0.0813676,1.32551
1500593213836,61401918,0.0813677,0.0
1500593213836,61401918,0.0813676,0.0
1500593214097,61401919,0.08136807,0.0
1500593214189,61401921,0.08136804,8.67449
1500593214658,61401923,0.08136804,0.0
1500593214744,61401925,0.08710991,6.92774
1500593214825,61401926,0.08339795,8.67449
1500593214913,61401927,0.08772,216.77021
1500593214913,61401927,0.08677,0.0
1500593215632,61401929,0.08559496,0.0
1500593215632,61401929,0.08475903,6.375878
1500593217502,61401937,0.08339794,1.405831
1500593217502,61401937,0.08136853,0.0
1500593218609,61401939,0.08543101,6.375878
1500593218609,61401939,0.08475903,0.0
1500593220497,61401945,0.08064,0.440767
1500593220722,61401948,0.08710989,0.0
1500593220946,61401949,0.08339795,0.0
1500593221619,61401953,0.0871099,0.0
1500593221829,61401954,0.08448674,6.375878
1500593221829,61401954,0.08543101,0.0
1500593221957,61401955,0.08339791,1.13776
1500593222155,61401956,0.08339784,0.60899
1500593222924,61401958,0.08809,23.52839
1500593222924,61401958,0.08687,0.0
1500593224404,61401969,0.08710991,0.0
1500593224475,61401970,0.08339783,6.92774
1500593225108,61401973,0.08339803,0.0
1500593225731,61401974,0.08448674,0.0
1500593225731,61401974,0.08553599,6.375878
1500593225892,61401976,0.0816379,33.763
1500593226358,61401977,0.08163789,1.717449
1500593226358,61401977,0.08163791,1.01917
1500593226373,61401978,0.08163789,2.736619
1500593226373,61401978,0.08163791,0.0
1500593226391,61401979,0.08112411,0.440767
1500593226391,61401979,0.08064,0.0
1500593226582,61401981,0.08163782,8.67449
1500593227196,61401985,0.08163789,1.01917
1500593227196,61401985,0.08163781,1.717449
1500593227197,61401986,0.08339791,0.0
1500593227241,61401987,0.08163789,0.0
1500593227241,61401987,0.08163781,2.736619
1500593227302,61401988,0.08339784,0.0
1500593227360,61401990,0.08339783,0.0
1500593228217,61401996,0.08163775,8.67449
1500593228362,61401997,0.08809,66.08647
1500593228362,61401997,0.08706,0.0
1500593228648,61401999,0.08475109,6.375878
1500593228648,61401999,0.08553599,0.0
1500593229973,61402002,0.0811241,2.0
1500593230755,61402004,0.08163774,1.717449
1500593230755,61402004,0.08163781,1.01917
1500593230793,61402005,0.08163774,2.736619
1500593230793,61402005,0.08163781,0.0
1500593230866,61402006,0.0816377,1.32551
1500593231337,61402007,0.08163769,1.01917
1500593231337,61402007,0.08163774,1.717449
1500593231347,61402009,0.08163769,2.736619
1500593231347,61402009,0.08163774,0.0
1500593232252,61402014,0.08711,0.0
1500593232252,61402014,0.08809,103.07993
1500593232372,61402015,0.08112411,0.0
1500593232539,61402016,0.08136805,2.0
1500593232539,61402016,0.0811241,0.0
1500593232588,61402017,0.08163775,0.0
1500593232725,61402019,0.0816379,0.0
1500593233073,61402021,0.08136806,0.0
1500593233073,61402021,0.08112409,0.852595
1500593233206,61402024,0.0816377,0.0
1500593233247,61402025,0.08136805,0.0
1500593233247,61402025,0.08163768,2.0
1500593233417,61402028,0.08112408,2.0
1500593233417,61402028,0.08163768,0.0
1500593233604,61402029,0.08136805,33.763
1500593234574,61402033,0.08136798,8.67449
1500593235541,61402036,0.08586,6.375878
1500593235541,61402036,0.08475109,0.0
1500593235851,61402038,0.08712,205.48354
1500593235851,61402038,0.08809,196.26662
1500593236708,61402044,0.0800216,0.072516
1500593236769,61402045,0.08163782,0.0
1500593237778,61402049,0.08136805,0.0
1500593238026,61402050,0.08339794,0.0
1500593238026,61402050,0.08112407,1.405831
1500593238198,61402051,0.08112408,0.0
1500593238198,61402051,0.08112406,2.0
1500593238229,61402052,0.08136797,33.763
1500593238830,61402054,0.08032841,29.069154
1500593239001,61402055,0.08112406,0.0
1500593239077,61402056,0.08057543,0.104191
1500593239733,61402058,0.08476053,6.375878
1500593239733,61402058,0.08586,0.0
1500593241253,61402063,0.08712,109.23276
1500593241253,61402063,0.08803,97.42214
1500593243468,61402065,0.08091216,0.440767
1500593244763,61402071,0.08136798,0.0
1500593244842,61402072,0.08136786,8.67449
1500593247024,61402076,0.08712,54.92327
1500593247024,61402076,0.08803,152.79463
1500593247025,61402077,0.08711997,10.0
1500593247702,61402081,0.08082245,29.069154
1500593247702,61402081,0.08032841,0.0
1500593249551,61402086,0.08054928,0.440767
1500593249551,61402086,0.08091216,0.0
1500593249584,61402087,0.08711997,0.0
1500593250336,61402090,0.08057543,0.0
1500593250336,61402090,0.08089675,0.104191
1500593250558,61402091,0.08712,0.0
1500593250558,61402091,0.08803,208.70865
1500593251217,61402093,0.08054927,0.852595
1500593251217,61402093,0.08112409,0.0
1500593254857,61402098,0.08136797,0.0
1500593255010,61402099,0.08136786,0.0
1500593255079,61402100,0.08082239,8.67449
1500593255269,61402101,0.08082244,33.763
1500593256495,61402105,0.08802,41.54099
1500593256495,61402105,0.08717,0.0
1500593256834,61402107,0.08054927,2.258426
1500593256834,61402107,0.08112407,0.0
1500593258191,61402112,0.08082244,0.0
1500593258598,61402115,0.08136785,33.763
1500593258667,61402116,0.08042432,29.069154
1500593258667,61402116,0.08082245,0.0
1500593259112,61402118,0.08136785,0.0
1500593259663,61402122,0.08082238,33.763
1500593260223,61402124,0.08734,0.0
1500593260223,61402124,0.08802,99.08314
1500593260433,61402126,0.08054928,0.0
1500593260433,61402126,0.08040429,0.440767
1500593264077,61402131,0.08062339,0.104191
1500593264077,61402131,0.08089675,0.0
1500593266662,61402134,0.08082239,0.0
1500593266856,61402136,0.08082232,8.67449
1500593267692,61402140,0.08042432,0.0
1500593267692,61402140,0.08032841,29.069154
1500593268209,61402142,0.08054927,1.405831
1500593268209,61402142,0.08002159,0.852595
1500593268331,61402144,0.08054928,0.440767
1500593268331,61402144,0.08040429,0.0
1500593272370,61402152,0.08054928,0.0
1500593272370,61402152,0.08012922,0.440767
1500593274027,61402154,0.08054927,0.0
1500593274027,61402154,0.08012921,1.405831
1500593275350,61402157,0.08082238,0.0
1500593275810,61402160,0.08163768,33.763
1500593276589,61402162,0.08163767,1.717449
1500593276589,61402162,0.08163769,1.01917
1500593276597,61402164,0.08163767,2.736619
1500593276597,61402164,0.08163769,0.0
1500593277793,61402167,0.08082232,0.0
1500593278045,61402168,0.08163761,8.67449
1500593278500,61402169,0.0816376,1.717449
1500593278500,61402169,0.08163767,1.01917
1500593278540,61402170,0.0816376,2.736619
1500593278540,61402170,0.08163767,0.0
1500593278541,61402171,0.08163768,0.0
1500593279604,61402172,0.08012922,0.0
1500593279604,61402172,0.08032752,0.440767
1500593281091,61402175,0.08062338,33.763
1500593281907,61402178,0.08849,67.77008
1500593281907,61402178,0.08742,0.0
1500593282308,61402179,0.08062338,0.0
1500593282668,61402182,0.0799784,29.069154
1500593282668,61402182,0.08032841,0.0
1500593282866,61402183,0.08163768,33.763
1500593283909,61402185,0.08163755,4.97938
1500593284049,61402188,0.08163761,0.0
1500593284126,61402189,0.0874299,4.97897
1500593284519,61402191,0.0816376,1.01917
1500593284519,61402191,0.08163754,1.717449
1500593284519,61402192,0.0816376,0.0
1500593284519,61402192,0.08163754,2.736619
1500593284704,61402194,0.08163748,3.90287
1500593284782,61402195,0.08163748,6.73823
1500593285192,61402196,0.08163747,1.717449
1500593285192,61402196,0.08163754,1.01917
1500593285193,61402197,0.08163747,2.736619
1500593285193,61402197,0.08163754,0.0
1500593285370,61402198,0.08006544,0.440767
1500593285370,61402198,0.08032752,0.0
1500593285389,61402199,0.08849,139.1056
1500593285389,61402199,0.08743,0.0
1500593287826,61402205,0.08163739,1.97791
1500593288515,61402207,0.08163738,1.01917
1500593288515,61402207,0.08163747,1.717449
1500593288516,61402208,0.08163738,2.736619
1500593288516,61402208,0.08163747,0.0
1500593288667,61402210,0.0799784,0.0
1500593288667,61402210,0.0795156,29.069154
1500593288817,61402211,0.08163755,0.0
1500593289224,61402212,0.08163748,2.83536
1500593290308,61402213,0.08849,202.08776
1500593290308,61402213,0.08749,0.0
1500593290308,61402214,0.08163739,0.0
1500593290724,61402216,0.08029727,0.440767
1500593290724,61402216,0.08006544,0.0
1500593290871,61402218,0.08163731,0.86016
1500593291066,61402219,0.0816373,1.717449
1500593291066,61402219,0.08163738,1.01917
1500593291092,61402220,0.0816373,2.736619
1500593291092,61402220,0.08163738,0.0
1500593291509,61402223,0.08029726,1.405831
1500593291509,61402223,0.08012921,0.0
1500593291715,61402225,0.08163719,1.32551
1500593292132,61402227,0.08163718,1.717449
1500593292132,61402227,0.0816373,1.01917
1500593292289,61402228,0.08163718,2.736619
1500593292289,61402228,0.0816373,0.0
1500593293770,61402236,0.08753,76.32704
1500593293770,61402236,0.08849,254.7636
1500593294220,61402237,0.08040042,0.104191
1500593294220,61402237,0.08062339,0.0
1500593294313,61402238,0.0874299,0.0
1500593294406,61402240,0.08163709,10.0
1500593295246,61402241,0.08163718,1.01917
1500593295246,61402241,0.08163708,1.717449
1500593295247,61402242,0.08163718,0.0
1500593295247,61402242,0.08163708,2.736619
1500593295367,61402243,0.08163748,0.0
1500593295399,61402244,0.08005537,0.440767
1500593295399,61402244,0.08029727,0.0
1500593295514,61402245,0.08163703,4.97897
1500593295859,61402246,0.08163701,2.83536
1500593296095,61402249,0.08163708,1.717449
1500593296095,61402249,0.081637,1.01917
1500593296104,61402250,0.08163708,0.0
1500593296104,61402250,0.081637,2.736619
1500593297936,61402254,0.08753,0.0
1500593297936,61402254,0.08849,331.54963
1500593299143,61402258,0.08040042,0.0
1500593299143,61402258,0.08031021,0.104191
1500593300001,61402259,0.0795156,0.0
1500593300001,61402259,0.07978871,46.54442
1500593300675,61402263,0.08163731,0.0
1500593301328,61402265,0.08163692,0.86016
1500593301596,61402268,0.08005537,0.0
1500593301596,61402268,0.08031525,0.440767
1500593301633,61402269,0.081637,1.717449
1500593301633,61402269,0.08163691,1.01917
1500593301639,61402270,0.081637,0.0
1500593301639,61402270,0.08163691,2.736619
1500593301639,61402271,0.08803,111.28651
1500593301713,61402273,0.09033,0.0
1500593301764,61402275,0.08849,392.87169
1500593301764,61402275,0.0876,0.0
1500593301782,61402276,0.08163719,0.0
1500593301935,61402277,0.08163685,1.32551
1500593302647,61402278,0.08163684,1.717449
1500593302647,61402278,0.08163691,1.01917
1500593302667,61402279,0.08163684,2.736619
1500593302667,61402279,0.08163691,0.0
1500593303919,61402280,0.08724,49.08208
1500593304432,61402285,0.08163709,0.0
1500593304513,61402286,0.08163673,10.0
1500593304940,61402289,0.09021,25.20431
1500593305012,61402290,0.08163672,1.717449
1500593305012,61402290,0.08163684,1.01917
1500593305134,61402291,0.08163672,2.736619
1500593305134,61402291,0.08163684,0.0
1500593305960,61402293,0.08163703,0.0
1500593306036,61402294,0.08163701,0.0
1500593306190,61402295,0.08163662,7.81433
1500593306870,61402297,0.08163672,1.01917
1500593306870,61402297,0.08163661,1.717449
1500593307035,61402298,0.08163672,0.0
1500593307035,61402298,0.08163661,2.736619
1500593307367,61402300,0.07997629,0.440767
1500593307367,61402300,0.08031525,0.0
1500593308386,61402305,0.08844,54.77295
1500593308386,61402305,0.08724,0.0
1500593309421,61402310,0.0803102,1.405831
1500593309421,61402310,0.08029726,0.0
1500593309970,61402311,0.08048521,0.104191
1500593309970,61402311,0.08031021,0.0
1500593312147,61402313,0.08768,0.0
1500593312147,61402313,0.08844,156.63025
1500593312723,61402318,0.08163692,0.0
1500593313088,61402319,0.08163685,0.0
1500593313088,61402320,0.07978871,0.0
1500593313088,61402320,0.07933363,46.54442
1500593313217,61402323,0.08163652,2.18567
1500593313782,61402325,0.08163661,1.01917
1500593313782,61402325,0.08163651,1.717449
1500593313783,61402326,0.08163661,0.0
1500593313783,61402326,0.08163651,2.736619
1500593314587,61402327,0.07997629,0.0
1500593314587,61402327,0.07980087,0.440767
1500593314998,61402329,0.08163673,0.0
1500593315313,61402330,0.0816364,10.0
1500593315963,61402331,0.08163651,1.717449
1500593315963,61402331,0.08163639,1.01917
1500593315963,61402332,0.08163651,0.0
1500593315963,61402332,0.08163639,2.736619
1500593316169,61402334,0.08844,252.44831
1500593316169,61402334,0.0877,0.0
1500593316305,61402336,0.08163662,0.0
1500593316450,61402338,0.08163636,7.81433
1500593317514,61402340,0.08163639,1.01917
1500593317514,61402340,0.08163635,1.717449
1500593317515,61402341,0.08163639,0.0
1500593317515,61402341,0.08163635,2.736619
1500593319012,61402347,0.07943038,46.54442
1500593319012,61402347,0.07933363,0.0
1500593321368,61402354,0.0802872,0.440767
1500593321368,61402354,0.07980087,0.0
1500593322699,61402357,0.07943038,0.0
1500593322699,61402357,0.07965808,46.54442
1500593323964,61402359,0.08844,280.66114
1500593323964,61402359,0.08771,221.36737
1500593324214,61402360,0.08024168,0.104191
1500593324214,61402360,0.08048521,0.0
1500593324215,61402362,0.08163652,0.0
1500593324313,61402363,0.08163632,2.18567
1500593324635,61402365,0.08163631,1.717449
1500593324635,61402365,0.08163635,1.01917
1500593324660,61402366,0.08163631,2.736619
1500593324660,61402366,0.08163635,0.0
1500593325260,61402368,0.0816364,0.0
1500593325417,61402370,0.08163625,10.0
1500593326101,61402373,0.08163624,1.01917
1500593326101,61402373,0.08163631,1.717449
1500593326101,61402374,0.07933363,46.54442
1500593326101,61402374,0.07965808,0.0
1500593326101,61402375,0.08163624,2.736619
1500593326101,61402375,0.08163631,0.0
1500593326764,61402377,0.08163636,0.0
1500593327042,61402378,0.08163614,7.81433
1500593327536,61402380,0.0802872,0.0
1500593327536,61402380,0.0799848,0.440767
1500593327682,61402381,0.08163624,1.01917
1500593327682,61402381,0.08163613,1.717449
1500593327717,61402383,0.08163624,0.0
1500593327717,61402383,0.08163613,2.736619
1500593328036,61402385,0.08844,341.23205
1500593328036,61402385,0.08771,164.3981
1500593329284,61402388,0.08024167,1.405831
1500593329284,61402388,0.0803102,0.0
1500593335950,61402397,0.08844,423.47556
1500593335950,61402397,0.08771,85.68809
1500593336034,61402399,0.08163632,0.0
1500593336176,61402401,0.08163625,0.0
1500593336239,61402403,0.0816361,10.0
1500593337470,61402405,0.08163609,1.01917
1500593337470,61402405,0.08163613,1.717449
1500593337470,61402407,0.08163609,2.736619
1500593337470,61402407,0.08163613,0.0
1500593337601,61402409,0.08163614,0.0
1500593337694,61402413,0.08163601,2.18567
1500593337783,61402414,0.08163606,7.81433
1500593338138,61402416,0.081636,1.717449
1500593338138,61402416,0.08163609,1.01917
1500593338141,61402417,0.081636,2.736619
1500593338141,61402417,0.08163609,0.0
1500593338332,61402418,0.0799848,0.0
1500593338332,61402418,0.07990416,0.440767
1500593339235,61402419,0.07942077,46.54442
1500593339235,61402419,0.07933363,0.0
1500593340127,61402421,0.08843,88.78874
1500593340127,61402421,0.08771,0.0
1500593345907,61402432,0.08882,52.10336
1500593345907,61402432,0.08772,167.39343
1500593346546,61402435,0.0816361,0.0
1500593346616,61402436,0.08163596,10.0
1500593346673,61402437,0.07962695,46.54442
1500593346673,61402437,0.07942077,0.0
1500593346760,61402438,0.081636,1.717449
1500593346760,61402438,0.08163595,1.01917
1500593346761,61402439,0.081636,0.0
1500593346761,61402439,0.08163595,2.736619
1500593347660,61402440,0.07990416,0.0
1500593347660,61402440,0.0796824,0.440767
1500593347871,61402441,0.08163606,0.0
1500593348061,61402442,0.08163601,0.0
1500593348121,61402443,0.08163584,10.0
1500593349231,61402446,0.08163583,1.717449
1500593349231,61402446,0.08163595,1.01917
1500593349232,61402447,0.08163583,2.736619
1500593349232,61402447,0.08163595,0.0
1500593351644,61402452,0.07962694,0.428688
1500593352675,61402453,0.0888,44.1019
1500593352675,61402453,0.08772,125.69415
1500593354072,61402458,0.08053692,1.061247
1500593354072,61402458,0.08024168,0.0
1500593356720,61402460,0.0794304,46.54442
1500593356720,61402460,0.07962695,0.0
1500593356721,61402461,0.07962694,0.0
1500593356825,61402462,0.08163596,0.0
1500593357143,61402463,0.08163572,10.0
1500593358132,61402464,0.08163583,1.717449
1500593358132,61402464,0.08163571,1.01917
1500593358135,61402465,0.08163583,0.0
1500593358135,61402465,0.08163571,2.736619
1500593358329,61402466,0.08879,40.28762
1500593358329,61402466,0.08772,87.58691
1500593358329,61402467,0.08163584,0.0
1500593358579,61402468,0.08163566,10.0
1500593358828,61402469,0.08163571,1.01917
1500593358828,61402469,0.08163565,1.717449
1500593358829,61402470,0.08163571,0.0
1500593358829,61402470,0.08163565,2.736619
1500593362019,61402479,0.08879,129.85323
1500593362019,61402479,0.08772,0.0
1500593362854,61402480,0.07956346,46.54442
1500593362854,61402480,0.0794304,0.0
1500593364702,61402483,0.08024167,0.0
1500593364702,61402483,0.08002159,2.258426
1500593365654,61402486,0.07956346,40.463345
1500593365863,61402488,0.08879,207.86699
1500593365863,61402488,0.08773,0.0
1500593366335,61402489,0.0796824,0.0
1500593366335,61402489,0.07956244,1.314459
1500593367573,61402491,0.08163572,0.0
1500593367667,61402492,0.08163559,10.0
1500593367974,61402494,0.08026631,5.219341
1500593367974,61402494,0.08053692,0.0
1500593369311,61402498,0.08163566,0.0
1500593369531,61402501,0.08163558,1.01917
1500593369531,61402501,0.08163565,1.717449
1500593369532,61402502,0.08163558,2.736619
1500593369532,61402502,0.08163565,0.0
1500593369541,61402503,0.07956244,0.0
1500593369541,61402503,0.07943258,1.314459
1500593369565,61402504,0.08784996,10.0
1500593369693,61402505,0.08163559,0.0
1500593370048,61402507,0.08785,0.0
1500593370048,61402507,0.08878,74.83501
1500593371316,61402511,0.08026631,0.0
1500593371316,61402511,0.07976225,5.219341
1500593371990,61402517,0.07956346,0.0
1500593373333,61402523,0.07962192,1.314459
1500593373333,61402523,0.07943258,0.0
1500593374600,61402526,0.08801,0.0
1500593374600,61402526,0.08879,333.54282
1500593375391,61402528,0.0795242,1.314459
1500593375391,61402528,0.07962192,0.0
1500593376595,61402533,0.08002159,1.405831
1500593376595,61402533,0.07952419,0.852595
1500593377454,61402534,0.07976188,7.09982
1500593380126,61402545,0.08784996,0.0
1500593380173,61402546,0.08802,57.54215
1500593380173,61402546,0.08879,376.51078
1500593380180,61402547,0.07976188,0.0
1500593380348,61402548,0.08163555,10.0
1500593380413,61402549,0.07952383,7.09982
1500593381764,61402550,0.08163558,1.717449
1500593381764,61402550,0.08163554,1.01917
1500593381764,61402551,0.08163558,0.0
1500593381764,61402551,0.08163554,2.736619
1500593383042,61402554,0.08002159,0.0
1500593383042,61402554,0.07952382,1.405831
1500593384890,61402559,0.08802,0.0
1500593384890,61402559,0.08878,133.53301
1500593387726,61402568,0.07952383,0.0
1500593387969,61402569,0.07952382,8.505651
1500593388273,61402570,0.08878,189.98654
1500593388273,61402570,0.08803,55.91402
1500593389009,61402571,0.07957999,40.49375
1500593391480,61402575,0.08163555,0.0
1500593391715,61402577,0.08163545,10.0
1500593391926,61402578,0.08879,433.37933
1500593391926,61402578,0.08803,0.0
1500593391988,61402579,0.08163544,1.01917
1500593391988,61402579,0.08163554,1.717449
1500593391991,61402580,0.08163544,2.736619
1500593391991,61402580,0.08163554,0.0
1500593395333,61402584,0.07952419,0.852595
1500593397457,61402591,0.08879,466.0928
1500593397457,61402591,0.08805,0.0
1500593398337,61402597,0.0795242,0.0
1500593398337,61402597,0.07967232,1.314459
1500593399034,61402602,0.07994476,5.219341
1500593399034,61402602,0.07976225,0.0
1500593399668,61402605,0.07971667,40.49375
1500593399668,61402605,0.07957999,0.0
1500593400115,61402606,0.07967231,1.405831
1500593400115,61402606,0.07952382,7.09982
1500593401902,61402609,0.07967232,0.0
1500593401902,61402609,0.07932959,1.314459
1500593402073,61402610,0.08163545,0.0
1500593402485,61402611,0.0816354,10.0
1500593403115,61402613,0.08163539,1.01917
1500593403115,61402613,0.08163544,1.717449
1500593403125,61402616,0.08163539,2.736619
1500593403125,61402616,0.08163544,0.0
1500593403125,61402617,0.08809,159.27316
1500593403125,61402617,0.08912,37.7839
1500593405948,61402623,0.07932959,0.0
1500593405948,61402623,0.07965216,1.314459
1500593406399,61402625,0.07952372,126.018277
1500593408020,61402629,0.09471,0.0
1500593408257,61402630,0.07952382,0.0
1500593408521,61402632,0.07952335,7.09982
1500593409019,61402633,0.08809,116.71508
1500593409019,61402633,0.08912,81.10124
1500593409364,61402634,0.07938,1.314459
1500593409364,61402634,0.07965216,0.0
1500593412300,61402641,0.07952419,0.0
1500593412300,61402641,0.07937999,0.852595
1500593412332,61402642,0.07961184,1.314459
1500593412332,61402642,0.07938,0.0
1500593412380,61402644,0.0816354,0.0
1500593412590,61402645,0.08163529,10.0
1500593412759,61402647,0.08809,93.18669
1500593412759,61402647,0.08912,105.31677
1500593415203,61402655,0.08163528,1.717449
1500593415203,61402655,0.08163539,1.01917
1500593415204,61402656,0.08163528,2.736619
1500593415204,61402656,0.08163539,0.0
1500593415667,61402659,0.07971667,0.0
1500593415667,61402659,0.07932255,43.519085
1500593418852,61402664,0.08809,0.0
1500593418852,61402664,0.08913,93.79218
1500593419297,61402667,0.07967231,0.0
1500593419297,61402667,0.07952334,1.405831
1500593419641,61402669,0.07952335,0.0
1500593419865,61402671,0.07932218,7.09982
1500593420666,61402672,0.07961686,43.519085
1500593420666,61402672,0.07932255,0.0
1500593422588,61402676,0.08163529,0.0
1500593422706,61402677,0.0816352,10.0
1500593423951,61402683,0.07932218,0.0
1500593424177,61402684,0.07952297,7.09982
1500593424420,61402685,0.07954128,1.314459
1500593424420,61402685,0.07961184,0.0
1500593424488,61402686,0.08843,0.0
1500593424488,61402686,0.08915,89.33823
1500593424510,61402687,0.08163528,1.717449
1500593424510,61402687,0.08163519,1.01917
1500593424550,61402689,0.08163528,0.0
1500593424550,61402689,0.08163519,2.736619
1500593425747,61402692,0.07952297,5.952416
1500593425747,61402692,0.07937999,0.0
1500593425755,61402693,0.08390677,0.0
1500593426063,61402695,0.07952297,5.073812
1500593426192,61402696,0.07952372,0.0
1500593426748,61402700,0.07961686,0.0
1500593426748,61402700,0.07932255,43.519085
1500593427923,61402708,0.08844,321.61826
1500593427923,61402708,0.08915,191.72114
1500593427994,61402709,0.07952297,0.0
1500593428334,61402710,0.07931609,1.314459
1500593428334,61402710,0.07954128,0.0
1500593430386,61402715,0.07932218,5.077856
1500593432578,61402720,0.07953641,1.314459
1500593432578,61402720,0.07931609,0.0
1500593433136,61402722,0.0816352,0.0
1500593433206,61402723,0.08163514,10.0
1500593434313,61402726,0.08844,266.84531
1500593434313,61402726,0.08915,246.98062
1500593434536,61402729,0.08163513,1.717449
1500593434536,61402729,0.08163519,1.01917
1500593434536,61402730,0.08163513,2.736619
1500593434536,61402730,0.08163519,0.0
1500593436391,61402733,0.0793296,1.314459
1500593436391,61402733,0.07953641,0.0
1500593436418,61402734,0.07952334,0.0
1500593436418,61402734,0.0795364,1.405831
1500593436642,61402736,0.07952324,126.018277
1500593436704,61402737,0.07953641,43.519085
1500593436704,61402737,0.07932255,0.0
1500593437892,61402740,0.08844,184.6018
1500593437892,61402740,0.08915,329.62916
1500593438527,61402741,0.07932218,0.0
1500593439356,61402745,0.07952287,5.077856
1500593439565,61402746,0.0793296,0.0
1500593439565,61402746,0.07951654,1.314459
1500593439712,61402750,0.08163511,10.0
1500593440030,61402752,0.07994476,0.0
1500593440030,61402752,0.0802144,5.219341
1500593440934,61402754,0.0816351,1.01917
1500593440934,61402754,0.08163513,1.717449
1500593440936,61402755,0.0816351,2.736619
1500593440936,61402755,0.08163513,0.0
1500593443331,61402765,0.07966224,1.314459
1500593443331,61402765,0.07951654,0.0
1500593443387,61402766,0.08163514,0.0
1500593443462,61402767,0.08163507,10.0
1500593443668,61402768,0.0793296,43.519085
1500593443668,61402768,0.07953641,0.0
1500593444166,61402769,0.0805368,5.219341
1500593444166,61402769,0.0802144,0.0
1500593444356,61402770,0.08844,124.03089
1500593444356,61402770,0.08915,390.57757
1500593444433,61402771,0.08163506,1.01917
1500593444433,61402771,0.0816351,1.717449
1500593444468,61402772,0.08163506,2.736619
1500593444468,61402772,0.0816351,0.0
1500593445520,61402776,0.07952287,0.0
1500593445756,61402777,0.07932923,5.077856
1500593447503,61402780,0.08163768,0.0
1500593447818,61402781,0.08844,95.81806
1500593447818,61402781,0.08915,419.15002
1500593448111,61402783,0.08339999,33.763
1500593448111,61402784,0.0793296,0.0
1500593448111,61402784,0.07932923,0.0
1500593449096,61402788,0.0805368,0.0
1500593449096,61402788,0.08062953,5.219341
1500593451010,61402792,0.08163511,0.0
1500593451085,61402794,0.08843995,10.0
1500593451085,61402795,0.08339999,0.0
1500593451499,61402796,0.08163505,33.763
1500593451659,61402797,0.08844,0.0
1500593451659,61402797,0.08914,96.12554
1500593451806,61402798,0.08163506,1.717449
1500593451806,61402798,0.08163504,1.01917
1500593451888,61402799,0.08163506,0.0
1500593451888,61402799,0.08163504,2.736619
1500593452472,61402800,0.08163505,0.0
1500593452982,61402801,0.08339999,33.763
1500593453635,61402802,0.08339999,0.0
1500593453801,61402804,0.08163507,0.0
1500593453863,61402805,0.08339995,10.0
1500593454086,61402806,0.08163505,33.763
1500593454537,61402808,0.0795364,0.0
1500593454537,61402808,0.08062952,1.405831
1500593455335,61402810,0.07966224,0.0
1500593457425,61402814,0.08914,157.74051
1500593457425,61402814,0.08849,331.54963
1500593458195,61402816,0.08003431,29.396319
1500593458195,61402816,0.08062953,0.0
1500593461655,61402817,0.0895,52.93946
1500593461655,61402817,0.08849,278.87379
1500593461771,61402818,0.08843995,0.0
1500593461993,61402819,0.08163494,10.0
1500593462421,61402820,0.08163493,1.717449
1500593462421,61402820,0.08163504,1.01917
1500593462425,61402821,0.08163493,2.736619
1500593462425,61402821,0.08163504,0.0
1500593465861,61402824,0.08339995,0.0
1500593466133,61402826,0.0816349,10.0
1500593466483,61402828,0.08163489,1.717449
1500593466483,61402828,0.08163493,1.01917
1500593466483,61402829,0.08163489,2.736619
1500593466483,61402829,0.08163493,0.0
1500593467601,61402831,0.0897,67.98361
1500593467601,61402831,0.08849,211.10371
1500593470300,61402835,0.08003431,0.0
1500593470300,61402835,0.07988815,30.050263
1500593470783,61402838,0.0816349,0.0
1500593472392,61402839,0.07952324,123.025052
1500593472573,61402841,0.08163494,0.0
1500593472792,61402842,0.08163482,10.0
1500593472796,61402844,0.08062952,0.0
1500593472796,61402844,0.07952323,1.405831
1500593472922,61402845,0.08163489,1.01917
1500593472922,61402845,0.08163481,1.717449
1500593472935,61402846,0.08163489,0.0
1500593472935,61402846,0.08163481,2.736619
1500593473475,61402848,0.08879,425.80518
1500593473617,61402849,0.0897,131.17628
1500593473617,61402849,0.08849,148.12155
1500593474090,61402850,0.07988815,0.0
1500593474090,61402850,0.07998122,30.050263
1500593475311,61402855,0.07952324,0.0
1500593476428,61402859,0.0795193,0.660515
1500593477373,61402861,0.0897,212.08034
1500593477373,61402861,0.08849,71.33552
1500593479209,61402867,0.0802732,30.050263
1500593479209,61402867,0.07998122,0.0
1500593479331,61402868,0.0795193,0.0
1500593479331,61402868,0.07963199,0.660515
1500593479975,61402870,0.07952323,0.0
1500593479975,61402870,0.07963199,0.099047
1500593483129,61402881,0.08163482,0.0
1500593483197,61402882,0.08027309,10.0
1500593483261,61402884,0.08972,74.95674
1500593483261,61402884,0.08849,0.0
1500593483981,61402885,0.07991323,30.109963
1500593483981,61402885,0.0802732,0.0
1500593484384,61402888,0.07963199,0.0
1500593486637,61402895,0.07998112,123.025052
1500593486824,61402896,0.08405594,30.195604
1500593488869,61402902,0.08852,0.0
1500593488869,61402902,0.08973,97.28907
1500593492287,61402912,0.08857,0.0
1500593492287,61402912,0.08974,88.33786
1500593494930,61402917,0.08027309,0.0
1500593495028,61402919,0.0799132,10.0
1500593495338,61402921,0.07998112,0.0
1500593495567,61402922,0.07991313,123.025052
1500593498859,61402928,0.0897,247.75416
1500593498859,61402928,0.08865,0.0
1500593502335,61402939,0.08868,0.0
1500593502335,61402939,0.0897,274.57293
1500593503854,61402943,0.0854388,6.375878
1500593503854,61402943,0.08476053,0.0
1500593505150,61402946,0.0799132,0.0
1500593505320,61402948,0.07991302,10.0
1500593505333,61402949,0.07991313,0.0
1500593505369,61402950,0.07974288,0.381185
1500593505587,61402952,0.07974288,0.063644
1500593505984,61402954,0.08405594,0.0
1500593508328,61402961,0.08972,187.03774
1500593508328,61402961,0.08874,0.0
1500593512024,61402977,0.07991323,0.0
1500593512024,61402977,0.08009512,30.109963
1500593513332,61402980,0.07974288,0.0
1500593513793,61402983,0.08163505,0.0
1500593514294,61402985,0.08339999,33.763
1500593514296,61402986,0.0897,349.9881
1500593514296,61402986,0.08877,0.0
1500593515265,61402992,0.08163471,123.025052
1500593515285,61402993,0.07991302,0.0
1500593515485,61402996,0.08009505,10.0
1500593516067,61402998,0.08009512,0.0
1500593516067,61402998,0.08024455,30.109963
1500593516827,61403000,0.0816347,1.717449
1500593516827,61403000,0.08163481,1.01917
1500593516880,61403002,0.0816347,2.736619
1500593516880,61403002,0.08163481,0.0
1500593517953,61403008,0.0897,408.2997
1500593517953,61403008,0.08878,133.53301
1500593521258,61403020,0.08016262,30.109963
1500593521258,61403020,0.08024455,0.0
1500593525286,61403033,0.08163471,0.0
1500593525462,61403034,0.08009505,0.0
1500593525702,61403037,0.08016256,10.0
1500593525967,61403040,0.08016262,0.0
1500593525967,61403040,0.08042038,30.109963
1500593526427,61403043,0.08999,106.76235
1500593526427,61403043,0.08878,58.698
1500593528438,61403047,0.08016256,8.442432
1500593528438,61403047,0.0800216,0.0
1500593529887,61403052,0.08999,166.98634
1500593529887,61403052,0.08878,0.0
1500593531166,61403059,0.08042038,0.0
1500593531166,61403059,0.08007609,30.109963
1500593532593,61403062,0.08007609,25.153334
1500593533515,61403066,0.08999,257.89384
1500593533515,61403066,0.08879,336.23957
1500593535361,61403073,0.0816346,123.025052
1500593535657,61403075,0.08016256,0.0
1500593535919,61403076,0.080076,8.44243
1500593536780,61403080,0.0816347,1.717449
1500593536780,61403080,0.08163459,1.01917
1500593536780,61403081,0.0816347,0.0
1500593536780,61403081,0.08163459,2.736619
1500593537286,61403083,0.09,140.89024
1500593537286,61403083,0.08879,210.56374
1500593541146,61403095,0.09002,44.067
1500593541146,61403095,0.08879,167.59578
1500593542030,61403098,0.08007609,0.0
1500593542295,61403102,0.0816345,10.0
1500593542612,61403105,0.08163459,1.717449
1500593542612,61403105,0.08163449,1.01917
1500593542612,61403106,0.08163459,0.0
1500593542612,61403106,0.08163449,2.736619
1500593545505,61403112,0.0816346,0.0
1500593546208,61403116,0.080076,0.0
1500593546296,61403117,0.08878992,8.44243
1500593546629,61403122,0.09005,79.0084
1500593546629,61403122,0.08879,89.58202
1500593547303,61403123,0.08423878,30.195604
1500593547821,61403124,0.08163449,0.73662
1500593549140,61403126,0.08163449,1.723294
1500593550309,61403130,0.09005,112.6457
1500593550309,61403130,0.08879,56.86855
1500593550541,61403132,0.08618399,6.375878
1500593550541,61403132,0.0854388,0.0
1500593553218,61403139,0.0816345,0.0
1500593553445,61403140,0.08339997,8.44243
1500593554293,61403143,0.09005,170.34801
1500593554293,61403143,0.08879,0.0
1500593555785,61403146,0.08163439,123.025052
1500593555990,61403147,0.08339999,0.0
1500593556180,61403149,0.08163437,1.55757
1500593556297,61403151,0.08163449,0.986674
1500593556297,61403151,0.08163438,0.73662
1500593556483,61403152,0.08339996,33.763
1500593556500,61403153,0.08878992,0.0
1500593556639,61403154,0.08163433,8.44243
1500593556682,61403156,0.08163449,0.0
1500593556682,61403156,0.08339995,0.986674
1500593556682,61403157,0.08163436,0.73662
1500593556682,61403157,0.08163438,0.0
1500593557232,61403158,0.08163436,0.0
1500593557232,61403158,0.08163432,0.73662
1500593559132,61403168,0.0888,0.0
1500593559132,61403168,0.09005,215.16379
1500593559653,61403171,0.08339995,0.0
1500593559653,61403171,0.08163432,1.723304
1500593562685,61403179,0.08163,0.46
1500593563753,61403182,0.08985,52.80373
1500593563753,61403182,0.08882,0.0
1500593563830,61403183,0.08339997,0.0
1500593563900,61403184,0.08162993,8.44243
1500593563965,61403185,0.08162993,7.263574
1500593564719,61403186,0.08163432,0.986684
1500593564719,61403186,0.08162992,0.73662
1500593564722,61403187,0.08163432,0.0
1500593564722,61403187,0.08162992,1.723308
1500593565329,61403189,0.08423878,0.0
1500593565517,61403191,0.08163439,0.0
1500593566080,61403194,0.08163437,0.0
1500593566171,61403195,0.08911992,0.37871
1500593566652,61403199,0.08163433,0.0
1500593566723,61403200,0.08911992,8.82114
1500593567396,61403201,0.08891,0.0
1500593567396,61403201,0.08984,39.82847
1500593568451,61403204,0.08056301,18.196515
1500593568557,61403205,0.08911992,0.37871
1500593568628,61403206,0.08162993,0.0
1500593569124,61403209,0.0805629,6.88486
1500593569276,61403212,0.08162992,0.73662
1500593570146,61403214,0.08162992,0.0
1500593570146,61403214,0.08162999,0.73662
1500593570793,61403218,0.08048602,12.650357
1500593570978,61403219,0.08984,56.09062
1500593570978,61403219,0.08903,0.0
1500593571963,61403220,0.08056301,0.0
1500593571963,61403220,0.0802092,18.196515
1500593572093,61403222,0.0802092,14.800691
1500593572381,61403223,0.0802092,0.0
1500593572381,61403223,0.0805629,0.0
1500593572381,61403223,0.08048602,0.0
1500593573188,61403226,0.0833999,0.37871
1500593573278,61403227,0.08911991,9.62129
1500593574467,61403232,0.08912,67.53287
1500593574467,61403232,0.08985,91.08215
1500593575301,61403236,0.08339996,0.0
1500593575673,61403237,0.08162982,123.025052
1500593575867,61403238,0.08339996,50.716
1500593576291,61403242,0.08911992,0.0
1500593576292,61403243,0.08162981,0.73662
1500593576292,61403243,0.08162999,0.0
1500593576364,61403245,0.08162977,0.37871
1500593576752,61403247,0.08162981,0.0
1500593576752,61403247,0.08162976,0.73662
1500593580275,61403258,0.08912,43.31734
1500593580275,61403258,0.09011,24.68662
1500593581575,61403262,0.0869339,6.375878
1500593581575,61403262,0.08618399,0.0
1500593583418,61403268,0.08911991,0.0
1500593583482,61403269,0.0833999,0.0
1500593583629,61403270,0.08162973,10.0
1500593584176,61403272,0.08912,0.0
1500593584176,61403272,0.09013,43.73072
1500593584353,61403274,0.08162972,0.172304
1500593584514,61403275,0.08162972,0.908924
1500593584514,61403275,0.08162976,0.0
1500593584912,61403278,0.08463684,30.195604
1500593585769,61403283,0.08162982,0.0
1500593586626,61403287,0.08162977,0.0
1500593587941,61403290,0.09013,137.87685
1500593587941,61403290,0.08913,0.0
1500593589015,61403293,0.08162971,8.651918
1500593589102,61403295,0.0816296,0.37871
1500593589391,61403297,0.08162972,0.73662
1500593589509,61403298,0.08162972,0.0
1500593589509,61403298,0.08162959,0.73662
1500593591326,61403303,0.08162958,0.840076
1500593591379,61403304,0.09013,199.82171
1500593591379,61403304,0.08914,96.12554
1500593591520,61403305,0.08162957,0.73662
1500593591520,61403305,0.08162959,0.0
1500593594137,61403310,0.08162973,0.0
1500593594343,61403312,0.08162953,0.37871
1500593594436,61403315,0.08339989,9.62129
1500593594859,61403317,0.09013,296.26151
1500593594859,61403317,0.08914,0.0
1500593595623,61403318,0.08162957,0.0
1500593595623,61403318,0.08162952,0.73662
1500593596294,61403319,0.08163,0.92
1500593597390,61403322,0.08162951,1.387688
1500593598563,61403325,0.08162952,0.0
1500593598563,61403325,0.0816295,0.73662
1500593600383,61403327,0.0816296,0.0
1500593600507,61403328,0.08162944,0.37871
1500593601048,61403329,0.09014,28.84115
1500593601048,61403329,0.08915,390.57757
1500593601179,61403332,0.08339989,0.0
1500593601374,61403333,0.08162953,0.0
1500593601539,61403336,0.08162971,0.0
1500593602296,61403337,0.08162943,0.73662
1500593602296,61403337,0.0816295,0.0
1500593602493,61403339,0.08162949,8.904837
1500593604712,61403346,0.08085055,2.055902
1500593607350,61403351,0.09014,118.42895
1500593607350,61403351,0.08915,301.23934
1500593608186,61403354,0.08056291,0.412269
1500593609913,61403358,0.08162933,123.025052
1500593610078,61403359,0.08162943,0.0
1500593610078,61403359,0.08162932,0.73662
1500593610094,61403361,0.08162958,0.0
1500593610094,61403361,0.08085054,0.840076
1500593610995,61403365,0.09014,201.29695
1500593610995,61403365,0.08915,218.5908
1500593611073,61403366,0.08162944,0.0
1500593611260,61403370,0.08085055,1.252345
1500593611260,61403370,0.08085054,0.0
1500593611260,61403370,0.08056291,0.0
1500593611703,61403371,0.08162924,0.37871
1500593612372,61403373,0.08162932,0.0
1500593612372,61403373,0.08162923,0.73662
1500593615461,61403385,0.08162949,0.0
1500593616196,61403386,0.08085054,1.387688
1500593616196,61403386,0.08162951,0.0
1500593616588,61403387,0.09014,256.74982
1500593616588,61403387,0.08915,163.33132
1500593618667,61403392,0.08085055,0.0
1500593619641,61403393,0.08162933,0.0
1500593620418,61403399,0.09014,359.30348
1500593620418,61403399,0.08915,60.94841
1500593621714,61403404,0.08162924,0.0
1500593621990,61403406,0.08339991,0.37871
1500593623034,61403410,0.08162923,0.0
1500593623034,61403410,0.08162999,0.73662
1500593623363,61403411,0.08120751,0.223208
1500593624125,61403412,0.09016,61.10811
1500593624125,61403412,0.08915,0.0
1500593627072,61403421,0.08463684,0.0
1500593627440,61403423,0.085124,30.195604
1500593627488,61403424,0.08085054,0.0
1500593629725,61403429,0.09016,114.18858
1500593629725,61403429,0.0895,0.0
1500593629800,61403431,0.08339986,123.025052
1500593634352,61403441,0.08339991,0.0
1500593634753,61403445,0.08339983,0.37871
1500593635794,61403446,0.08339996,0.0
1500593636417,61403448,0.08339985,50.716
1500593639258,61403458,0.08984,16.26215
1500593639642,61403460,0.08339986,0.0
1500593645412,61403476,0.0814689,0.223208
1500593645412,61403476,0.08120751,0.0
1500593647068,61403483,0.08146889,0.73662
1500593647068,61403483,0.08162999,0.0
1500593649263,61403486,0.08163,0.46
1500593649327,61403487,0.08147,0.46
1500593649861,61403489,0.08339973,123.025052
1500593649961,61403490,0.08339983,0.0
1500593650028,61403492,0.08339968,0.37871
1500593652001,61403497,0.08339985,0.0
1500593652596,61403501,0.08339972,50.716
1500593654234,61403508,0.08146888,0.6
1500593655448,61403512,0.08146889,0.0
1500593655448,61403512,0.08146887,0.73662
1500593657502,61403517,0.08120851,0.223208
1500593657502,61403517,0.0814689,0.0
1500593663410,61403533,0.08120851,0.0
1500593663410,61403533,0.08136777,0.223208
1500593665301,61403537,0.085124,0.0
1500593667361,61403547,0.08136777,0.0
1500593667361,61403547,0.08152705,0.223208
1500593668004,61403548,0.08146888,0.0
1500593668437,61403550,0.08146887,0.0
1500593668437,61403550,0.08146999,0.73662
1500593669060,61403553,0.08136776,0.6
1500593676546,61403569,0.081648,0.223208
1500593676546,61403569,0.08152705,0.0
1500593678919,61403577,0.08759269,6.375878
1500593678919,61403577,0.0869339,0.0
1500593680387,61403583,0.081648,0.0
1500593680387,61403583,0.08175317,0.223208
1500593682195,61403588,0.08136776,0.0
1500593684975,61403597,0.08533299,30.195604
1500593686813,61403602,0.081648,0.223208
1500593686813,61403602,0.08175317,0.0
1500593689531,61403613,0.081648,0.0
1500593689531,61403613,0.08192016,0.223208
1500593696403,61403630,0.08192016,0.0
1500593696403,61403630,0.08199072,0.223208
1500593702023,61403647,0.09051,39.79924
1500593702023,61403647,0.0897,372.62588
1500593702332,61403649,0.08186323,0.223208
1500593702332,61403649,0.08199072,0.0
1500593705556,61403660,0.08165808,0.223208
1500593705556,61403660,0.08186323,0.0
1500593706403,61403663,0.08533299,0.0
1500593711380,61403677,0.08163,0.0
1500593711462,61403678,0.08165808,0.0
1500593711462,61403678,0.08193024,0.223208
1500593711707,61403679,0.08147,0.92
1500593712860,61403680,0.1,31.337062
1500593713393,61403684,0.08339973,0.0
1500593717331,61403698,0.08176896,0.223208
1500593717331,61403698,0.08193024,0.0
1500593720389,61403707,0.08176896,0.0
1500593720389,61403707,0.08146845,0.223208
1500593720815,61403709,0.08146999,0.0
1500593720815,61403709,0.08146844,0.73662
1500593723381,61403721,0.08339958,123.025052
1500593723501,61403722,0.08339968,0.0
1500593723645,61403724,0.08339948,0.37871
1500593725121,61403730,0.08146843,0.6
1500593725356,61403732,0.08146844,0.0
1500593725356,61403732,0.08146842,0.73662
1500593725499,61403733,0.08339972,0.0
1500593725686,61403734,0.0815976,0.223208
1500593725686,61403734,0.08146845,0.0
1500593725686,61403735,0.08530805,30.195604
1500593726085,61403737,0.08339957,50.716
1500593727221,61403741,0.12,13.212161
1500593730535,61403749,0.0815976,0.0
1500593730535,61403749,0.08193024,0.223208
1500593733659,61403757,0.08339958,0.0
1500593734501,61403761,0.08204717,0.223208
1500593734501,61403761,0.08193024,0.0
1500593734911,61403763,0.102,31.1
1500593738061,61403772,0.08146843,0.0
1500593738518,61403774,0.08146842,0.0
1500593738518,61403774,0.08146999,0.73662
1500593739513,61403777,0.08146841,0.6
1500593739753,61403779,0.08985,52.80373
1500593740488,61403784,0.08204717,0.0
1500593740488,61403784,0.08174062,0.223208
1500593741067,61403786,0.08146999,0.0
1500593741067,61403786,0.0814684,0.73662
1500593743226,61403792,0.08204707,123.025052
1500593743280,61403793,0.08339948,0.0
1500593743391,61403795,0.08204699,0.37871
1500593744334,61403797,0.08174062,0.0
1500593744334,61403797,0.08204717,0.223208
1500593748343,61403808,0.08204717,0.0
1500593748343,61403808,0.08186673,0.223208
1500593752567,61403819,0.08146841,0.0
1500593753114,61403820,0.0814684,0.0
1500593753114,61403820,0.08146999,0.73662
1500593753409,61403822,0.08204707,0.0
1500593753497,61403825,0.08204699,0.0
1500593753569,61403826,0.08339954,0.37871
1500593753611,61403827,0.08146839,0.6
1500593754029,61403828,0.08146999,0.0
1500593754029,61403828,0.08146838,0.73662
1500593754332,61403832,0.08186673,0.0
1500593754332,61403832,0.08194779,0.223208
1500593757353,61403840,0.08237376,0.223208
1500593757353,61403840,0.08194779,0.0
1500593758094,61403841,0.08237376,0.0
1500593758094,61403841,0.08146839,0.0
1500593758094,61403841,0.08147,0.0
1500593758094,61403841,0.08339954,0.105701
1500593758094,61403841,0.08146838,0.0
1500593758429,61403844,0.0833995,9.727
1500593760172,61403848,0.08339949,0.141473
1500593762680,61403854,0.08339957,0.0
1500593763096,61403856,0.08339949,50.857473
1500593763401,61403858,0.08186663,123.025052
1500593763500,61403859,0.0833995,0.0
1500593763789,61403861,0.08339954,0.0
1500593764115,61403864,0.08186657,0.16609
1500593764277,61403865,0.08186657,0.0
1500593764443,61403866,0.08186661,1.61202
1500593764606,61403867,0.08186661,0.0
1500593764728,61403868,0.08186653,0.10571
1500593765205,61403872,0.08339949,50.716
1500593765983,61403874,0.08530805,0.0
1500593766095,61403875,0.08186652,0.42521
1500593766206,61403876,0.08186652,0.0
1500593766214,61403877,0.0854296,30.195604
1500593766314,61403879,0.08186653,0.4593
1500593766415,61403880,0.08186653,0.10571
1500593767328,61403882,0.08186662,8.304837
1500593771749,61403892,0.08186976,0.112162
1500593779896,61403913,0.08187,0.46
1500593780387,61403916,0.08186662,0.0
1500593781422,61403920,0.08186652,8.304837
1500593781483,61403921,0.08186653,0.0
1500593781550,61403922,0.08186647,0.10571
1500593784044,61403923,0.08186663,0.0
1500593786438,61403930,0.0854296,0.0
1500593792381,61403940,0.09032,87.87923
1500593792381,61403940,0.0897,291.72182
1500593793470,61403941,0.08339939,123.025052
1500593794970,61403948,0.08186652,0.0
1500593795101,61403949,0.08186647,0.0
1500593795240,61403950,0.08339936,0.10571
1500593795962,61403951,0.08186646,8.304837
1500593798082,61403957,0.09032,157.91511
1500593798082,61403957,0.0897,228.52915
1500593801711,61403963,0.09032,238.87328
1500593801711,61403963,0.0897,153.11398
1500593802380,61403966,0.08205115,0.112162
1500593802380,61403966,0.08186976,0.0
1500593803531,61403968,0.08339939,0.0
1500593805189,61403978,0.08339936,0.0
1500593805416,61403980,0.08189496,0.112162
1500593805416,61403980,0.08205115,0.0
1500593805517,61403981,0.09033,73.02774
1500593805517,61403981,0.0897,85.13037
1500593805517,61403982,0.08186638,0.10571
1500593806699,61403989,0.08546887,30.195604
1500593808369,61403996,0.08204326,0.112162
1500593808369,61403996,0.08189496,0.0
1500593808859,61403997,0.08186646,0.0
1500593809274,61403998,0.09033,104.94669
1500593809274,61403998,0.0897,58.3116
1500593810139,61404002,0.08186637,8.304837
1500593811705,61404007,0.08204326,0.0
1500593811705,61404007,0.08192398,0.112162
1500593813688,61404011,0.08205105,123.025052
1500593814796,61404017,0.09032,301.31602
1500593814796,61404017,0.0897,0.0
1500593816028,61404021,0.08186638,0.0
1500593816187,61404023,0.08186632,0.10571
1500593816373,61404024,0.08192398,0.0
1500593816373,61404024,0.0818496,0.112162
1500593820468,61404030,0.08972,112.081
1500593820468,61404030,0.09043,79.02936
1500593822814,61404034,0.08186637,0.0
1500593823745,61404038,0.08205105,0.0
1500593823902,61404039,0.08184959,8.304837
1500593827162,61404048,0.08186632,0.0
1500593827258,61404050,0.08972,0.0
1500593827258,61404050,0.09042,115.85078
1500593827569,61404053,0.08184956,0.10571
1500593830848,61404057,0.08973,0.0
1500593830848,61404057,0.09041,100.51223
1500593833563,61404065,0.08184949,123.025052
1500593834338,61404069,0.08974,0.0
1500593834338,61404069,0.09041,191.69029
1500593836920,61404075,0.08184959,0.0
1500593837971,61404079,0.08975,0.0
1500593837971,61404079,0.09041,320.59877
1500593838080,61404080,0.08184956,0.0
1500593838255,61404083,0.08184939,0.10571
1500593838436,61404085,0.08184948,8.304837
1500593839680,61404088,0.08984,0.0
1500593839680,61404088,0.09065,19.04862
1500593841088,61404091,0.09065,74.63882
1500593841088,61404091,0.08985,0.0
1500593843560,61404099,0.08184949,0.0
1500593844661,61404102,0.08174212,0.112162
1500593844661,61404102,0.0818496,0.0
1500593847464,61404112,0.08152401,0.112162
1500593847464,61404112,0.08174212,0.0
1500593851265,61404126,0.08184948,0.0
1500593851340,61404127,0.08184939,0.0
1500593851498,61404128,0.08339942,0.10571
1500593852361,61404129,0.081524,8.304837
1500593853574,61404132,0.08163792,0.112162
1500593853574,61404132,0.08152401,0.0
1500593853655,61404134,0.08184929,123.025052
1500593856519,61404143,0.08194032,0.112162
1500593856519,61404143,0.08163792,0.0
1500593862088,61404159,0.08339942,0.0
1500593862191,61404160,0.08152394,0.10571
1500593862353,61404161,0.08187177,0.112162
1500593862353,61404161,0.08194032,0.0
1500593863574,61404165,0.08184929,0.0
1500593864290,61404171,0.081524,0.0
1500593865319,61404173,0.08152393,8.304837
1500593865828,61404176,0.08546887,0.0
1500593866333,61404178,0.08187177,0.0
1500593866333,61404178,0.08154893,0.112162
1500593867405,61404181,0.08187,0.0
1500593869969,61404190,0.08143588,5.67839
1500593872517,61404194,0.08152394,0.0
1500593872598,61404195,0.08152387,0.10571
1500593873701,61404198,0.0818699,123.025052
1500593873983,61404202,0.08143588,0.0
1500593873983,61404202,0.08152062,5.67839
1500593875331,61404207,0.081648,0.112162
1500593875331,61404207,0.08154893,0.0
1500593876699,61404210,0.08152393,0.0
1500593878162,61404212,0.08152061,8.304837
1500593879978,61404218,0.08152062,0.0
1500593879978,61404218,0.08143833,5.67839
1500593881518,61404227,0.081648,0.0
1500593881518,61404227,0.0815472,0.112162
1500593883107,61404230,0.08152387,0.0
1500593883173,61404231,0.08152057,0.10571
1500593883771,61404233,0.0818699,0.0
1500593884138,61404234,0.08143833,0.0
1500593884138,61404234,0.08152931,5.67839
1500593885824,61404239,0.08537677,30.195604
1500593887087,61404243,0.08143563,5.67839
1500593887087,61404243,0.08152931,0.0
1500593891090,61404251,0.08152061,0.0
1500593892458,61404253,0.08143562,8.304837
1500593892482,61404254,0.0815472,0.0
1500593892482,61404254,0.08127691,0.112162
1500593893779,61404255,0.08152047,123.025052
1500593893853,61404256,0.08152057,0.0
1500593893923,61404257,0.0814356,0.10571
1500593896858,61404267,0.08127691,0.0
1500593896858,61404267,0.08154719,0.112162
1500593900365,61404271,0.08154719,0.0
1500593900365,61404271,0.08182944,0.112162
1500593903869,61404280,0.08152047,0.0
1500593904070,61404282,0.0814355,123.025052
1500593904146,61404283,0.0814356,0.0
1500593904262,61404284,0.08143543,0.10571
1500593904446,61404285,0.08143562,0.0
1500593905575,61404290,0.08143559,8.304837
1500593909079,61404295,0.08133603,5.67839
1500593909079,61404295,0.08143563,0.0
1500593909470,61404300,0.08143542,10.0
1500593910711,61404303,0.08114401,0.633321
1500593913452,61404316,0.08182944,0.0
1500593913452,61404316,0.08152805,0.112162
1500593913886,61404318,0.0814355,0.0
1500593916064,61404326,0.08133603,0.0
1500593916064,61404326,0.08120801,5.67839
1500593916478,61404328,0.08122464,0.112162
1500593916478,61404328,0.08152805,0.0
1500593917122,61404329,0.08143559,0.0
1500593917242,61404332,0.08143543,0.0
1500593918151,61404337,0.081144,8.304837
1500593918243,61404338,0.08114398,0.10571
1500593918697,61404342,0.08127202,0.633321
1500593918697,61404342,0.08114401,0.0
1500593919914,61404345,0.08143542,0.0
1500593920195,61404348,0.08339939,10.0
1500593921524,61404359,0.08339939,0.0
1500593922407,61404363,0.08132988,0.112162
1500593922407,61404363,0.08122464,0.0
1500593922668,61404366,0.08127202,0.0
1500593922668,61404366,0.08114402,0.633321
1500593923924,61404370,0.08339938,10.0
1500593926029,61404374,0.08339938,0.0
1500593926452,61404377,0.08339942,10.0
1500593928337,61404380,0.08132988,0.0
1500593928337,61404380,0.08123472,0.112162
1500593930046,61404384,0.081144,0.0
1500593930121,61404385,0.08114398,0.0
1500593930997,61404387,0.08114401,0.611758
1500593931075,61404388,0.08023397,1.398351
1500593931152,61404389,0.08339942,0.0
1500593931563,61404391,0.08339946,0.10571
1500593932375,61404395,0.08339945,6.034
1500593932508,61404396,0.08759269,0.0
1500593932508,61404396,0.0868536,6.375878
1500593935668,61404401,0.08114402,0.0
1500593935668,61404401,0.08106336,0.633321
1500593936068,61404402,0.08114401,0.0
1500593938379,61404407,0.08111868,0.112162
1500593938379,61404407,0.08123472,0.0
1500593939466,61404408,0.08120801,0.0
1500593939466,61404408,0.08107396,5.67839
1500593941465,61404411,0.08100389,0.112162
1500593941465,61404411,0.08111868,0.0
1500593941907,61404414,0.08023397,0.041265
1500593943577,61404416,0.08100388,0.848594
1500593945991,61404421,0.08339947,10.0
1500593947452,61404424,0.08098272,0.633321
1500593947452,61404424,0.08106336,0.0
1500593947548,61404425,0.08107396,0.0
1500593947548,61404425,0.0809933,5.67839
1500593947591,61404426,0.08096256,0.67717
1500593947631,61404427,0.08339945,0.0
1500593947903,61404429,0.08099325,6.034
1500593948154,61404432,0.08339947,0.0
1500593948269,61404433,0.08339946,0.0
1500593954180,61404440,0.08100378,123.025052
1500593954395,61404443,0.08100389,0.0
1500593954395,61404443,0.08141616,0.112162
1500593954635,61404446,0.08117525,0.67717
1500593954635,61404446,0.08096256,0.0
1500593954712,61404447,0.08098264,0.10571
1500593955646,61404448,0.102,1.1
1500593957567,61404452,0.08095104,0.112162
1500593957567,61404452,0.08141616,0.0
1500593957894,61404455,0.08099325,0.0
1500593957957,61404456,0.08098265,6.034
1500593957963,61404457,0.08106337,5.67839
1500593957963,61404457,0.0809933,0.0
1500593958534,61404458,0.08096688,0.67717
1500593958534,61404458,0.08117525,0.0
1500593966073,61404470,0.08095103,0.848594
1500593966073,61404470,0.08100388,0.0
1500593970366,61404479,0.08115004,0.112162
1500593970366,61404479,0.08095104,0.0
1500593972533,61404486,0.08096688,0.0
1500593972533,61404486,0.08107344,0.67717
1500593973675,61404492,0.08083056,0.633321
1500593973675,61404492,0.08098272,0.0
1500593973965,61404493,0.08090664,5.67839
1500593973965,61404493,0.08106337,0.0
1500593974331,61404495,0.0808932,0.112162
1500593974331,61404495,0.08115004,0.0
1500593976604,61404499,0.08093796,0.67717
1500593976604,61404499,0.08107344,0.0
1500593978021,61404503,0.08073528,5.67839
1500593978021,61404503,0.08090664,0.0
1500593979703,61404505,0.08102203,0.112162
1500593979703,61404505,0.0808932,0.0
1500593980574,61404513,0.08069604,0.67717
1500593980574,61404513,0.08093796,0.0
1500593981229,61404515,0.095,31.612154
1500593981385,61404517,0.08023397,0.0
1500593983053,61404519,0.08095103,0.0
1500593983053,61404519,0.08069603,0.848594
1500593983390,61404521,0.0806904,0.112162
1500593983390,61404521,0.08102203,0.0
1500593984748,61404525,0.08069604,0.0
1500593984748,61404525,0.08082144,0.67717
1500593985683,61404531,0.08083056,0.0
1500593985683,61404531,0.08050029,0.633321
1500593988367,61404535,0.08095651,0.112162
1500593988367,61404535,0.0806904,0.0
1500593989357,61404537,0.08044969,5.67839
1500593989357,61404537,0.08073528,0.0
1500593990186,61404538,0.08050029,0.0
1500593990186,61404538,0.08042984,0.633321
1500593991709,61404542,0.08095651,0.0
1500593991709,61404542,0.0805843,0.112162
1500593992604,61404547,0.08082144,0.0
1500593992604,61404547,0.08059881,0.67717
1500593992966,61404549,0.08044969,0.0
1500593992966,61404549,0.08060795,5.67839
1500593993073,61404550,0.08098265,0.0
1500593993169,61404551,0.08098264,0.0
1500593993233,61404552,0.08058427,6.13971
1500593993712,61404553,0.08042984,0.0
1500593993712,61404553,0.08025939,0.633321
1500593996873,61404558,0.08025939,0.0
1500593996873,61404558,0.08018712,0.633321
1500594000965,61404571,0.08060795,0.0
1500594000965,61404571,0.08047993,5.67839
1500594001624,61404573,0.08066016,0.112162
1500594001624,61404573,0.0805843,0.0
1500594001817,61404575,0.08069603,0.0
1500594001817,61404575,0.08047992,0.848594
1500594003963,61404577,0.08058427,0.0
1500594004034,61404578,0.08047987,6.13971
1500594005591,61404584,0.08618724,6.375878
1500594005591,61404584,0.0868536,0.0
1500594009259,61404592,0.08040922,5.67839
1500594009259,61404592,0.08047993,0.0
1500594010021,61404596,0.08027856,0.67717
1500594010021,61404596,0.08059881,0.0
1500594010368,61404597,0.0801157,0.112162
1500594010368,61404597,0.08066016,0.0
1500594011983,61404602,0.09013,202.11538
1500594012123,61404604,0.09075,0.0
1500594012178,61404605,0.09954,0.0
1500594013433,61404609,0.0801157,0.0
1500594013433,61404609,0.08064,0.112162
1500594014007,61404612,0.08028725,5.67839
1500594014007,61404612,0.08040922,0.0
1500594014063,61404613,0.08047987,0.0
1500594014128,61404615,0.08027851,6.13971
1500594014531,61404617,0.08027856,0.0
1500594014531,61404617,0.08054575,0.67717
1500594018325,61404620,0.08054574,0.848594
1500594018325,61404620,0.08047992,0.0
1500594021509,61404623,0.08100373,10.0
1500594023719,61404629,0.08027851,0.0
1500594024306,61404632,0.0883,79.81968
1500594025531,61404638,0.08039657,0.67717
1500594025531,61404638,0.08054575,0.0
1500594025665,61404639,0.08942,42.12705
1500594025762,61404640,0.08040844,0.633321
1500594025762,61404640,0.08018712,0.0
1500594026198,61404643,0.08537677,0.0
1500594027668,61404646,0.09111,22.17213
1500594028337,61404652,0.080388,0.112162
1500594028337,61404652,0.08064,0.0
1500594029564,61404658,0.08039657,0.0
1500594029564,61404658,0.08027057,0.67717
1500594029875,61404660,0.08027051,6.13971
1500594030668,61404663,0.08040844,0.0
1500594030668,61404663,0.08015414,0.633321
1500594030759,61404664,0.08100373,0.0
1500594030956,61404665,0.08100376,7.93025
1500594032395,61404667,0.080388,0.0
1500594032395,61404667,0.08013227,0.112162
1500594033878,61404674,0.08027057,0.0
1500594033878,61404674,0.08014371,0.67717
1500594034048,61404675,0.08028725,0.0
1500594034048,61404675,0.08054071,5.67839
1500594035363,61404679,0.08013227,0.0
1500594035363,61404679,0.08037792,0.112162
1500594037111,61404682,0.08339949,0.0
1500594037221,61404684,0.08054574,0.0
1500594037221,61404684,0.0805407,0.848594
1500594037627,61404686,0.08100375,50.716
1500594037888,61404687,0.08100369,2.06975
1500594040292,61404694,0.08027051,0.0
1500594040645,61404696,0.08054059,4.21743
1500594040971,61404699,0.08039752,5.67839
1500594040971,61404699,0.08054071,0.0
1500594041029,61404700,0.08100376,0.0
1500594041095,61404702,0.08100369,10.01642
1500594041530,61404704,0.08026654,0.67717
1500594041530,61404704,0.08014371,0.0
1500594044363,61404707,0.08037792,0.0
1500594044363,61404707,0.08012592,0.112162
1500594045564,61404712,0.08014054,0.67717
1500594045564,61404712,0.08026654,0.0
1500594049228,61404718,0.08026866,5.67839
1500594049228,61404718,0.08039752,0.0
1500594051024,61404723,0.08054059,0.0
1500594055756,61404732,0.08100369,2.06975
1500594055863,61404734,0.08100361,4.06996
1500594058368,61404742,0.08005536,0.112162
1500594058368,61404742,0.08012592,0.0
1500594064055,61404749,0.0801352,5.67839
1500594064055,61404749,0.08026866,0.0
1500594064116,61404750,0.08100369,0.0
1500594064287,61404751,0.08013516,2.06975
1500594064355,61404752,0.07990429,0.112162
1500594064355,61404752,0.08005536,0.0
1500594064746,61404753,0.08618724,0.0
1500594064746,61404753,0.08525791,6.375878
1500594064747,61404754,0.08002368,0.67717
1500594064747,61404754,0.08014054,0.0
1500594065984,61404764,0.08457024,30.195604
1500594069428,61404773,0.07957405,0.112162
1500594069428,61404773,0.07990429,0.0
1500594069819,61404775,0.07985856,0.67717
1500594069819,61404775,0.08002368,0.0
1500594074604,61404784,0.07957405,0.0
1500594074604,61404784,0.07945387,0.112162
1500594074605,61404786,0.07985856,0.0
1500594074605,61404786,0.0797499,0.67717
1500594074605,61404787,0.08013516,0.0
1500594078331,61404796,0.07945387,0.0
1500594078331,61404796,0.08006544,0.112162
1500594079583,61404800,0.07996664,0.67717
1500594079583,61404800,0.0797499,0.0
1500594079973,61404801,0.0801352,0.0
1500594079973,61404801,0.07999757,5.615417
1500594080506,61404804,0.0805407,0.0
1500594080506,61404804,0.07996663,0.848594
1500594084331,61404813,0.079632,0.112162
1500594084331,61404813,0.08006544,0.0
1500594084677,61404814,0.07996664,0.0
1500594084677,61404814,0.07974992,0.67717
1500594084758,61404817,0.08100378,0.0
1500594085718,61404825,0.08015414,0.0
1500594090567,61404833,0.0798356,0.67717
1500594090567,61404833,0.07974992,0.0
1500594091667,61404840,0.07986782,0.318244
1500594092396,61404843,0.079632,0.0
1500594094572,61404849,0.0798356,0.0
1500594094572,61404849,0.07972296,0.67717
1500594094835,61404851,0.07974982,123.025052
1500594097964,61404861,0.07996663,0.0
1500594097964,61404861,0.07972295,0.848594
1500594112965,61404891,0.07984367,2.837569
1500594112965,61404891,0.07999757,0.0
1500594114899,61404893,0.08100361,0.0
1500594115012,61404895,0.07974978,2.06975
1500594115274,61404897,0.07974971,4.06996
1500594115535,61404900,0.0799653,0.67717
1500594115535,61404900,0.07972296,0.0
1500594115743,61404901,0.09081,0.0
1500594115890,61404902,0.09111,0.0
1500594117702,61404914,0.07986782,0.0
1500594117702,61404914,0.07970123,0.159918
1500594117992,61404915,0.08815,54.68483
1500594119409,61404917,0.09006,28.86144
1500594119532,61404918,0.07983729,0.67717
1500594119532,61404918,0.0799653,0.0
1500594120629,61404922,0.09096,15.19023
1500594120776,61404925,0.08100375,0.0
1500594122304,61404928,0.07970123,0.0
1500594122304,61404928,0.07955648,0.159918
1500594122452,61404929,0.08339999,50.716
1500594123682,61404932,0.07983729,0.0
1500594123682,61404932,0.07955952,0.67717
1500594124981,61404937,0.07984367,0.0
1500594124981,61404937,0.07968798,2.837569
1500594128901,61404944,0.07946717,0.67717
1500594128901,61404944,0.07955952,0.0
1500594132218,61404949,0.07968797,0.848594
1500594132218,61404949,0.07972295,0.0
1500594132629,61404952,0.07965869,0.67717
1500594132629,61404952,0.07946717,0.0
1500594136637,61404961,0.07965869,0.0
1500594136637,61404961,0.07946717,0.67717
1500594139696,61404968,0.07960423,0.67717
1500594139696,61404968,0.07946717,0.0
1500594143738,61404976,0.07980583,0.67717
1500594143738,61404976,0.07960423,0.0
1500594144248,61404977,0.07955648,0.0
1500594144248,61404977,0.07943443,0.159918
1500594147532,61404985,0.07980583,0.0
1500594147532,61404985,0.07962595,0.67717
1500594149208,61404991,0.07968797,0.0
1500594149208,61404991,0.07962594,0.848594
1500594153532,61405000,0.07962595,0.0
1500594153532,61405000,0.07946455,0.67717
1500594154063,61405001,0.07984266,1.425878
1500594154063,61405001,0.07968798,0.0
1500594159575,61405013,0.07946455,0.0
1500594159575,61405013,0.07964065,0.67717
1500594160818,61405015,0.07943443,0.0
1500594165255,61405019,0.07974982,0.0
1500594165334,61405021,0.07974978,0.0
1500594165412,61405022,0.07974971,0.0
1500594165523,61405023,0.08339993,6.13971
1500594165672,61405024,0.07962594,0.0
1500594165672,61405024,0.07964064,0.848594
1500594167648,61405027,0.07978699,0.67717
1500594167648,61405027,0.07964065,0.0
1500594168552,61405031,0.08339999,0.0
1500594169018,61405033,0.08339992,50.716
1500594173642,61405048,0.07978699,0.0
1500594173642,61405048,0.07963539,0.67717
1500594175357,61405049,0.07964054,123.025052
1500594176432,61405052,0.08339993,0.0
1500594176508,61405053,0.07963532,6.13971
1500594183644,61405067,0.07963539,0.0
1500594183644,61405067,0.0794309,0.67717
1500594184823,61405068,0.07964064,0.0
1500594184823,61405068,0.07943089,0.848594
1500594185384,61405073,0.07964054,0.0
1500594186646,61405075,0.07963532,0.0
1500594186843,61405077,0.08339984,6.13971
1500594187674,61405078,0.07954801,0.67717
1500594187674,61405078,0.0794309,0.0
1500594189031,61405080,0.07984266,0.0
1500594189031,61405080,0.07967157,1.425878
1500594190122,61405085,0.08339992,0.0
1500594190524,61405088,0.08339983,50.716
1500594195452,61405093,0.07963522,123.025052
1500594196966,61405097,0.07946824,1.425878
1500594196966,61405097,0.07967157,0.0
1500594197118,61405098,0.08339984,0.0
1500594197315,61405100,0.0796352,6.13971
1500594200965,61405109,0.07946824,0.0
1500594200965,61405109,0.07954636,1.425878
1500594201429,61405111,0.07954635,0.848594
1500594201429,61405111,0.07943089,0.0
1500594203963,61405117,0.07954636,0.0
1500594203963,61405117,0.07946824,1.425878
1500594209631,61405133,0.07941028,0.67717
1500594209631,61405133,0.07954801,0.0
1500594211978,61405140,0.07946824,0.0
1500594211978,61405140,0.07968698,1.425878
1500594213532,61405149,0.07964914,0.67717
1500594213532,61405149,0.07941028,0.0
1500594215719,61405151,0.07963522,0.0
1500594215836,61405153,0.0796352,0.0
1500594215924,61405154,0.0833998,6.13971
1500594217119,61405161,0.07978068,0.716504
1500594217119,61405161,0.07968698,0.0
1500594217936,61405167,0.07978068,1.393674
1500594217936,61405167,0.07964914,0.0
1500594218248,61405169,0.07954635,0.0
1500594218248,61405169,0.07964913,0.848594
1500594218310,61405170,0.09041,191.69029
1500594218390,61405172,0.09032,220.35785
1500594223075,61405184,0.08339983,0.0
1500594223558,61405185,0.08339979,50.716
1500594225007,61405192,0.07968797,0.716504
1500594225007,61405192,0.07978068,0.67717
1500594225677,61405196,0.0833997,123.025052
1500594225924,61405198,0.0833998,0.0
1500594225996,61405199,0.0833996,6.13971
1500594227628,61405202,0.08339979,0.0
1500594228018,61405205,0.08339969,50.716
1500594229607,61405209,0.07968797,0.0
1500594229607,61405209,0.07978703,0.716504
1500594232250,61405215,0.08339969,0.0
1500594232626,61405222,0.08339959,50.716
1500594233979,61405230,0.07978703,0.0
1500594233979,61405230,0.07969782,0.716504
1500594234171,61405231,0.07964913,0.0
1500594234171,61405231,0.07978068,0.61342
1500594234171,61405231,0.07969782,0.0
1500594235581,61405234,0.0833997,0.0
1500594236102,61405239,0.0833996,0.0
1500594236187,61405241,0.0833995,6.13971
1500594240878,61405255,0.08801,94.69169
1500594242231,61405263,0.08864,49.97617
1500594242935,61405264,0.08339959,0.0
1500594243441,61405269,0.08339949,50.716
1500594243446,61405271,0.09082,26.30325
1500594245570,61405279,0.07978068,0.0
1500594245683,61405281,0.08339949,173.741052
1500594245841,61405282,0.08339946,10.0
1500594247631,61405284,0.08339945,0.458844
1500594248048,61405285,0.0833995,0.0
1500594248146,61405286,0.08339939,6.13971
1500594248431,61405288,0.08339949,123.025052
1500594249312,61405293,0.08339945,51.174844
1500594252663,61405307,0.08339945,50.716
1500594253933,61405312,0.08339945,0.0
1500594254333,61405314,0.08339938,50.716
1500594255816,61405317,0.08339949,0.0
1500594255965,61405318,0.08339946,0.0
1500594256041,61405320,0.08339935,10.0
1500594257684,61405328,0.08339934,0.542422
1500594258909,61405333,0.08339939,0.0
1500594259382,61405334,0.08339928,6.13971
1500594259383,61405335,0.08339938,0.0
1500594259776,61405337,0.08339934,51.258422
1500594262770,61405348,0.08525791,0.0
1500594262770,61405348,0.08595285,6.375878
1500594262865,61405350,0.08339934,50.716
1500594264043,61405351,0.08339934,0.0
1500594264685,61405355,0.08339927,50.716
1500594265858,61405362,0.08339925,123.025052
1500594266127,61405364,0.08339935,0.0
1500594266250,61405365,0.08339921,10.0
1500594267730,61405368,0.0833992,1.012252
1500594269207,61405374,0.08339927,0.0
1500594269269,61405376,0.08339928,0.0
1500594269370,61405378,0.08339913,6.13971
1500594269758,61405381,0.0833992,51.728252
1500594273203,61405391,0.0833992,50.716
1500594274483,61405395,0.0833992,0.0
1500594274880,61405400,0.08339912,50.716
1500594275906,61405402,0.08339925,0.0
1500594276271,61405405,0.08339921,0.0
1500594276559,61405407,0.08339902,10.0
1500594279560,61405418,0.08339912,0.0
1500594280001,61405420,0.08339901,50.716
1500594280104,61405422,0.08339913,0.0
1500594280450,61405423,0.08339891,6.13971
1500594284952,61405437,0.08339901,0.0
1500594285369,61405442,0.0833989,50.716
1500594285998,61405446,0.08339892,123.025052
1500594286457,61405451,0.08339902,0.0
1500594286640,61405452,0.08339881,10.0
1500594289958,61405462,0.0833989,0.0
1500594290565,61405464,0.0833988,50.716
1500594290649,61405467,0.08339891,0.0
1500594290715,61405468,0.08339871,6.13971
1500594295085,61405480,0.0833988,0.0
1500594295603,61405482,0.0833987,50.716
1500594297325,61405490,0.08339881,0.0
1500594297728,61405494,0.08339864,10.0
1500594300456,61405502,0.0833987,0.0
1500594300889,61405507,0.08339863,50.716
1500594300994,61405508,0.08339871,0.0
1500594301064,61405510,0.08339857,6.13971
1500594306124,61405527,0.08339863,0.0
1500594306209,61405528,0.08339892,0.0
1500594306701,61405531,0.08339856,50.716
1500594307952,61405535,0.08339855,0.240644
1500594308061,61405536,0.08339864,0.0
1500594308378,61405537,0.08339852,10.0
1500594310960,61405546,0.08339856,0.0
1500594311188,61405549,0.08339857,0.0
1500594311260,61405550,0.08800992,6.13971
1500594311505,61405551,0.08339851,50.716
1500594311618,61405554,0.08339855,0.0
1500594311618,61405554,0.08339999,0.240644
1500594313082,61405560,0.08339999,0.0
1500594316212,61405567,0.08339845,123.025052
1500594317994,61405577,0.08339844,0.342317
1500594319051,61405580,0.08339852,0.0
1500594319338,61405581,0.08339836,10.0
1500594321175,61405590,0.09041,100.51223
1500594321225,61405592,0.09033,73.02774
1500594321563,61405594,0.08800992,0.0
1500594322116,61405597,0.08339851,0.0
1500594322878,61405600,0.08339835,50.716
1500594323187,61405601,0.08339825,6.13971
1500594323225,61405602,0.08339844,0.0
1500594326250,61405613,0.08339845,0.0
1500594326473,61405616,0.08339835,0.0
1500594326884,61405619,0.08339824,50.716
1500594328043,61405623,0.08339823,0.222251
1500594329434,61405631,0.08339836,0.0
1500594329889,61405632,0.08339818,10.0
1500594330620,61405638,0.0834,9.452805
1500594331778,61405639,0.08339824,0.0
1500594332190,61405642,0.08339817,50.716
1500594333359,61405650,0.08339823,0.0
1500594333533,61405652,0.08339825,0.0
1500594333629,61405654,0.08339808,6.13971
1500594333630,61405655,0.08813,83.91176
1500594335080,61405657,0.08814,43.03167
1500594336105,61405659,0.09163,21.51584
1500594336418,61405662,0.08339814,123.025052
1500594336545,61405664,0.08339817,0.0
1500594336962,61405668,0.08339807,50.716
1500594338265,61405673,0.08339806,0.222252
1500594340345,61405679,0.08339818,0.0
1500594340441,61405680,0.08339795,10.0
1500594341814,61405687,0.08339807,0.0
1500594342295,61405689,0.08339794,50.716
1500594343490,61405692,0.08339806,0.0
1500594344240,61405694,0.08339808,0.0
1500594344307,61405696,0.08339786,6.13971
1500594346514,61405704,0.08339814,0.0
1500594346935,61405707,0.08339794,0.0
1500594347340,61405712,0.08339785,50.716
1500594352313,61405725,0.08339795,0.0
1500594352425,61405726,0.08339774,10.0
1500594355546,61405738,0.08339786,0.0
1500594356566,61405746,0.08339775,123.025052
1500594357347,61405752,0.08339774,8.0
1500594357700,61405755,0.08339785,0.0
1500594358090,61405758,0.08339773,50.716
1500594358225,61405759,0.08339762,4.13971
1500594358267,61405760,0.08339762,3.351504
1500594362475,61405770,0.08339773,0.0
1500594362876,61405772,0.08339761,50.716
1500594363037,61405773,0.08339774,0.0
1500594363118,61405775,0.08339754,9.21179
1500594366407,61405782,0.08339775,0.0
1500594367699,61405785,0.08339761,0.0
1500594368098,61405787,0.08339753,50.716
1500594368161,61405788,0.08339762,0.0
1500594368229,61405790,0.08339746,4.13971
1500594372391,61405801,0.08339746,2.13971
1500594372731,61405802,0.08019648,0.209062
1500594372888,61405803,0.08339746,0.0
1500594372975,61405804,0.08339754,0.0
1500594373196,61405807,0.08339753,0.0
1500594373262,61405809,0.0833975,1.3515
1500594373615,61405813,0.08339745,50.716
1500594376974,61405816,0.08339744,123.025052
1500594378249,61405821,0.08339745,0.0
1500594378933,61405825,0.08339743,50.716
1500594379724,61405826,0.08009228,0.209062
1500594379724,61405826,0.08019648,0.0
1500594381545,61405835,0.08009228,0.0
1500594381865,61405839,0.08339739,10.0
1500594383282,61405843,0.08339743,0.0
1500594383324,61405844,0.0833975,0.0
1500594384118,61405849,0.08339738,50.716
1500594384219,61405850,0.08339728,1.3515
1500594386173,61405859,0.0834,9.912805
1500594386741,61405861,0.08339744,0.0
1500594391878,61405874,0.08339739,0.0
1500594391944,61405875,0.0833973,10.0
1500594395385,61405879,0.08339738,0.0
1500594395509,61405882,0.08339728,0.0
1500594395748,61405883,0.08800997,1.3515
1500594395785,61405885,0.08339729,50.716
1500594403078,61405912,0.0833973,0.0
1500594403148,61405913,0.08339718,10.0
1500594404964,61405920,0.08339718,8.0
1500594406345,61405927,0.08800997,0.0
1500594410521,61405942,0.08339729,0.0
1500594410930,61405944,0.08339717,50.716
1500594413399,61405948,0.08339716,0.593614
1500594413466,61405949,0.08339718,0.0
1500594413614,61405951,0.08339707,9.3515
1500594418434,61405962,0.08339716,0.0
1500594419802,61405965,0.08339717,0.0
1500594420313,61405967,0.08339706,50.716
1500594424582,61405979,0.08339707,0.0
1500594424825,61405980,0.09042,0.0
1500594424825,61405981,0.08339696,9.3515
1500594426965,61405990,0.08339697,123.025052
1500594428488,61405993,0.08339695,1.084918
1500594430122,61405998,0.08339706,0.0
1500594430506,61406002,0.08339695,51.800918
1500594435373,61406014,0.08339696,0.0
1500594435656,61406018,0.08339691,9.3515
1500594437605,61406026,0.08339697,0.0
1500594438935,61406029,0.08339695,50.716
1500594438935,61406029,0.0833969,0.59362
1500594439333,61406030,0.0834,9.452805
1500594439387,61406031,0.0834,9.912805
1500594440505,61406036,0.08339695,0.0
1500594440899,61406040,0.0833969,51.30962
1500594445773,61406053,0.08339691,0.0
1500594446237,61406057,0.08339683,9.3515
1500594447469,61406059,0.08339681,123.025052
1500594448662,61406064,0.0833968,1.081515
1500594448662,61406064,0.0833969,50.716
1500594450894,61406070,0.0833969,0.0
1500594451319,61406074,0.0833968,51.797515
1500594455580,61406081,0.0833968,51.30962
1500594456299,61406086,0.08339683,0.0
1500594456545,61406089,0.08339671,9.3515
1500594457701,61406093,0.08339681,0.0
1500594458940,61406098,0.0833968,50.716
1500594458940,61406098,0.0833967,0.593653
1500594461274,61406104,0.0833968,0.0
1500594461739,61406107,0.0833967,51.309653
1500594467141,61406120,0.08339671,0.0
1500594467527,61406124,0.08339661,123.025052
1500594467741,61406126,0.08339667,9.3515
1500594470314,61406131,0.0833966,1.081475
1500594470314,61406131,0.0833967,50.716
1500594471799,61406134,0.0833967,0.0
1500594472211,61406137,0.0833966,51.797475
1500594477558,61406159,0.08339661,0.0
1500594477644,61406162,0.08339667,0.0
1500594477791,61406165,0.08339655,9.3515
1500594478934,61406169,0.0833966,50.716
1500594478934,61406170,0.08812,67.54345
1500594479971,61406172,0.08815,89.36931
1500594483061,61406180,0.0833966,0.0
1500594483776,61406184,0.08339654,1.081472
1500594483857,61406185,0.08339654,51.797472
1500594487485,61406196,0.08339645,123.025052
1500594487878,61406200,0.08339655,0.0
1500594488083,61406203,0.08339642,9.3515
1500594488942,61406207,0.08339654,50.716
1500594492271,61406213,0.08339654,0.0
1500594492959,61406220,0.08339641,50.716
1500594493816,61406221,0.0833964,1.081468
1500594497480,61406231,0.08339645,0.0
1500594498212,61406236,0.08339642,0.0
1500594498345,61406238,0.08339636,9.3515
1500594498953,61406240,0.0833964,0.0
1500594502783,61406247,0.08339641,0.0
1500594503218,61406250,0.08339635,50.716
1500594503876,61406252,0.08339634,1.081463
1500594507535,61406259,0.0833963,123.025052
1500594508462,61406264,0.08339636,0.0
1500594508953,61406269,0.0833962,9.3515
1500594509147,61406272,0.08339634,0.0
1500594513035,61406280,0.08339635,0.0
1500594513495,61406285,0.08339619,50.716
1500594513921,61406287,0.08339618,0.77632
1500594514144,61406288,0.0834,9.452805
1500594514251,61406289,0.0834,9.912805
1500594517551,61406294,0.0833963,0.0
1500594519213,61406300,0.0833962,0.0
1500594519906,61406304,0.08339613,9.3515
1500594523503,61406310,0.08339619,0.0
1500594524105,61406312,0.08339612,50.716
1500594525931,61406321,0.08339618,0.0
1500594525931,61406321,0.08339612,51.492319
1500594527758,61406323,0.08339608,123.025052
1500594529368,61406334,0.08339613,0.0
1500594529474,61406337,0.08339607,0.593646
1500594529474,61406337,0.08339612,50.716
1500594529523,61406338,0.08339603,9.3515
1500594533704,61406353,0.08339612,0.0
1500594534084,61406355,0.08339602,50.716
1500594534448,61406357,0.08339607,0.0
1500594534448,61406357,0.08339602,51.309646
1500594537970,61406361,0.08339608,0.0
1500594540205,61406366,0.08339603,0.0
1500594540427,61406369,0.08339598,9.3515
1500594544313,61406384,0.08339602,0.593646
1500594544882,61406388,0.08339597,50.716
1500594545517,61406394,0.08339597,51.797479
1500594545517,61406394,0.08339602,0.0
1500594548146,61406398,0.08339592,123.025052
1500594550127,61406406,0.08339597,50.716
1500594550127,61406406,0.08339591,0.473558
1500594550741,61406409,0.08339598,0.0
1500594550889,61406412,0.08339588,9.3515
1500594554148,61406421,0.08339591,0.0
1500594554148,61406421,0.08339587,0.473511
1500594554613,61406422,0.08339597,0.0
1500594555079,61406425,0.08339587,51.189511
1500594557802,61406433,0.08339592,0.0
1500594560935,61406450,0.08339588,0.0
1500594561127,61406454,0.08339578,9.3515
1500594564638,61406464,0.08339577,0.231984
1500594564638,61406464,0.08339587,50.716
1500594564893,61406467,0.08339587,0.0
1500594565306,61406470,0.08339577,50.947984
1500594567984,61406475,0.08339577,173.973036
1500594572306,61406491,0.08339578,0.0
1500594572551,61406495,0.08339569,9.3515
1500594576438,61406507,0.08339577,173.741052
1500594576438,61406507,0.08339568,0.29442
1500594576460,61406509,0.08339577,123.025052
1500594576902,61406514,0.08339568,51.01042
1500594578112,61406518,0.08339577,0.0
1500594581871,61406530,0.08339568,51.855949
1500594582896,61406534,0.08339569,0.0
1500594583252,61406538,0.08339557,9.3515
1500594583283,61406539,0.0834,9.452805
1500594583339,61406541,0.0834,9.912805
1500594584791,61406545,0.08339556,0.294433
1500594584791,61406545,0.08339568,50.716
1500594585804,61406550,0.08339568,0.0
1500594586279,61406552,0.08339556,51.010433
1500594588015,61406557,0.08339558,123.025052
1500594593220,61406576,0.08339557,0.0
1500594593362,61406579,0.08339546,9.3515
1500594594567,61406581,0.08339556,50.716
1500594594567,61406581,0.08339545,0.294435
1500594595909,61406583,0.08339556,0.0
1500594596487,61406586,0.08339545,51.010435
1500594598058,61406591,0.08339558,0.0
1500594599514,61406593,0.08339545,51.855931
1500594604477,61406604,0.08339546,0.0
1500594604642,61406607,0.08339539,9.3515
1500594604720,61406608,0.08339545,51.010415
1500594606124,61406614,0.08339545,0.294415
1500594606296,61406615,0.08339545,0.0
1500594606296,61406615,0.08339999,0.294415
1500594606716,61406616,0.08339538,50.716
1500594608062,61406617,0.08339535,123.025052
1500594609557,61406623,0.08339999,0.0
1500594611056,61406625,0.08339534,2.0
1500594611362,61406627,0.08339538,0.0
1500594612110,61406628,0.08339534,52.716
1500594612279,61406629,0.08339534,50.716
1500594612279,61406629,0.08339533,2.0
1500594616276,61406638,0.08339539,0.0
1500594616424,61406642,0.0833953,9.3515
1500594616614,61406644,0.08339529,2.0
1500594616614,61406644,0.08339533,0.0
1500594621883,61406654,0.08339534,0.0
1500594622281,61406656,0.08339529,52.716
1500594622448,61406658,0.08339528,2.0
1500594622448,61406658,0.08339529,50.716
1500594627607,61406666,0.0833953,0.0
1500594627813,61406670,0.08339526,9.3515
1500594627981,61406671,0.08339525,2.0
1500594627981,61406671,0.08339528,0.0
1500594632072,61406678,0.08339529,0.0
1500594632466,61406680,0.08339525,52.716
1500594632640,61406682,0.08339524,2.0
1500594632640,61406682,0.08339525,50.716
1500594637947,61406694,0.08339526,0.0
1500594638199,61406699,0.08339519,9.3515
1500594638372,61406702,0.08339518,2.0
1500594638372,61406702,0.08339524,0.0
1500594641319,61406709,0.08339517,1.345345
1500594641486,61406712,0.08339518,0.0
1500594641486,61406712,0.08339516,2.0
1500594642610,61406714,0.08339525,0.0
1500594643122,61406716,0.08339518,50.716
1500594647605,61406726,0.08339518,0.0
1500594648067,61406728,0.08339516,52.716
1500594648193,61406730,0.08339519,0.0
1500594648235,61406731,0.08339515,2.0
1500594648235,61406731,0.08339516,50.716
1500594648729,61406736,0.0833951,9.3515
1500594648973,61406737,0.08339509,2.0
1500594648973,61406737,0.08339515,0.0
1500594649552,61406740,0.08339508,0.480215
1500594649719,61406741,0.08339509,0.0
1500594649719,61406741,0.08339507,2.0
1500594652004,61406747,0.0834,9.452805
1500594652116,61406748,0.0834,9.912805
1500594652934,61406750,0.08339516,0.0
1500594653979,61406758,0.08339509,50.716
1500594654574,61406759,0.08339508,0.0
1500594654648,61406760,0.08339506,0.810476
1500594654741,61406761,0.08339507,0.0
1500594654741,61406761,0.08339508,2.0
1500594654910,61406762,0.08339505,2.0
1500594654910,61406762,0.08339508,0.0
1500594658640,61406770,0.08339535,0.0
1500594658805,61406773,0.0833951,0.0
1500594659293,61406777,0.08339499,9.3515
1500594659462,61406778,0.08339498,2.0
1500594659462,61406778,0.08339505,0.0
1500594659600,61406779,0.08339497,0.294416
1500594659767,61406780,0.08339496,2.0
1500594659767,61406780,0.08339498,0.0
1500594660247,61406781,0.08339495,1.345345
1500594660247,61406781,0.08339517,0.0
1500594660417,61406783,0.08339494,2.0
1500594660417,61406783,0.08339496,0.0
1500594663185,61406786,0.08339509,0.0
1500594664118,61406789,0.08339494,52.716
1500594664288,61406793,0.08339494,50.716
1500594664288,61406793,0.08339493,2.0
1500594664626,61406797,0.08339497,0.0
1500594668451,61406805,0.08339489,123.025052
1500594668620,61406809,0.08339493,0.0
1500594668620,61406809,0.08339488,2.0
1500594669207,61406815,0.08339499,0.0
1500594669413,61406818,0.08339483,9.3515
1500594669581,61406820,0.08339482,2.0
1500594669581,61406820,0.08339488,0.0
1500594669667,61406822,0.08339482,2.294417
1500594669835,61406823,0.08339481,2.0
1500594669835,61406823,0.08339482,0.294417
1500594670014,61406824,0.08339482,2.294417
1500594670014,61406824,0.08339481,0.0
1500594671107,61406825,0.08339481,2.0
1500594671107,61406825,0.08339482,0.294417
1500594671277,61406826,0.08339482,2.294417
1500594671277,61406826,0.08339481,0.0
1500594672901,61406831,0.08339481,2.0
1500594672901,61406831,0.08339482,0.294417
1500594673073,61406833,0.08339482,2.294417
1500594673073,61406833,0.08339481,0.0
1500594673272,61406834,0.08339506,0.0
1500594673272,61406834,0.0833948,0.810476
1500594673441,61406835,0.08339479,2.0
1500594673441,61406835,0.08339482,0.294417
1500594673565,61406837,0.08339494,0.0
1500594673984,61406841,0.08339482,51.010417
1500594675001,61406843,0.08339482,50.716
1500594678229,61406851,0.08339495,0.0
1500594678229,61406851,0.08339478,1.345345
1500594678399,61406854,0.08339479,0.0
1500594678399,61406854,0.08339477,2.0
1500594678501,61406855,0.08339489,0.0
1500594679391,61406857,0.09043,0.0
1500594679880,61406858,0.08339476,1.139923
1500594679936,61406859,0.09021,0.0
1500594680050,61406861,0.08339477,0.0
1500594680050,61406861,0.08339475,2.0
1500594680112,61406863,0.08339483,0.0
1500594680321,61406866,0.08339464,9.3515
1500594680514,61406869,0.08339475,0.0
1500594680514,61406869,0.08339463,2.0
1500594684247,61406878,0.08339482,0.0
1500594684670,61406882,0.08339463,52.716
1500594684745,61406884,0.08339476,0.0
1500594684837,61406885,0.08339463,50.716
1500594684837,61406885,0.08339462,2.0
1500594688806,61406892,0.08339467,123.025052
1500594689762,61406901,0.08339461,1.139965
1500594689930,61406904,0.0833946,2.0
1500594689930,61406904,0.08339462,0.0
1500594690216,61406905,0.08339459,0.810476
1500594690216,61406905,0.0833948,0.0
1500594690387,61406906,0.0833946,0.0
1500594690387,61406906,0.08339458,2.0
1500594690831,61406908,0.08339464,0.0
1500594690978,61406910,0.08339455,9.3515
1500594691146,61406912,0.08339458,0.0
1500594691146,61406912,0.08339454,2.0
1500594694188,61406922,0.08,0.4
1500594694323,61406923,0.08339455,0.0
1500594694326,61406924,0.08772,73.82224
1500594694378,61406925,0.08339454,0.0
1500594694722,61406927,0.08339463,0.0
1500594694788,61406928,0.08339461,0.0
1500594695322,61406930,0.08339454,50.716
1500594695598,61406931,0.08339478,0.0
1500594695598,61406931,0.08339453,1.345345
1500594695652,61406932,0.09135,35.06557
1500594698979,61406940,0.08156399,10.0
1500594699270,61406941,0.08339467,0.0
1500594699473,61406944,0.08172492,15.0
1500594699945,61406948,0.095,1.612154
1500594703842,61406958,0.08,0.0221
1500594705036,61406964,0.08339454,0.0
1500594705624,61406968,0.08172491,50.716
1500594707551,61406971,0.08339459,0.0
1500594707551,61406971,0.07999999,0.810476
1500594708695,61406974,0.08156389,123.025052
1500594711854,61406980,0.07999999,0.495506
1500594713249,61406985,0.08339453,0.0
1500594713249,61406985,0.08156388,1.345345
1500594716130,61406990,0.108,30.0
1500594716964,61406995,0.081,43.0
1500594718993,61407000,0.08156389,0.0
1500594725519,61407014,0.07999999,0.0
1500594728990,61407021,0.0809999,123.025052
1500594730470,61407027,0.08099989,1.345345
1500594730470,61407027,0.08156388,0.0
1500594738981,61407052,0.0809999,0.0
1500594748606,61407076,0.08099999,1.345345
1500594748606,61407076,0.08099989,0.0
1500594748984,61407078,0.08099979,123.025052
1500594750686,61407086,0.0834,9.452805
1500594750742,61407088,0.0834,8.992805
1500594758983,61407106,0.08099979,0.0
1500594766431,61407131,0.08099999,1.345345
1500594769292,61407138,0.08099989,123.025052
1500594779331,61407169,0.08099989,0.0
1500594781026,61407176,0.09,14.0
1500594781113,61407178,0.09013,140.17052
1500594781162,61407179,0.0988,0.0
1500594784354,61407186,0.08099999,1.345345
1500594789249,61407195,0.08099989,123.025052
1500594798106,61407216,0.0871,112.98182
1500594799166,61407222,0.08758,56.49091
1500594799259,61407223,0.08099989,0.0
1500594800164,61407229,0.09394,28.24545
1500594801985,61407236,0.08099999,1.345345
1500594803449,61407240,0.08172491,0.0
1500594803846,61407242,0.08339999,50.716
1500594809460,61407259,0.08099989,123.025052
1500594818270,61407286,0.08339999,0.0
1500594818796,61407287,0.08172491,50.716
1500594819279,61407288,0.08099989,0.0
1500594819439,61407291,0.08099988,1.345345
1500594819439,61407291,0.08099999,0.0
1500594820519,61407298,0.08172491,0.0
1500594820917,61407300,0.08339998,50.716
1500594829642,61407323,0.08099978,123.025052
1500594836555,61407355,0.08099977,1.345345
1500594836555,61407355,0.08099988,0.0
1500594839624,61407362,0.08099978,0.0
1500594849494,61407391,0.08099967,123.025052
1500594849919,61407394,0.08,0.5621
1500594850084,61407395,0.08,0.019713
1500594853846,61407403,0.08099966,1.345345
1500594853846,61407403,0.08099977,0.0
1500594859602,61407418,0.08099967,0.0
1500594869738,61407456,0.08099956,123.025052
1500594872270,61407467,0.08099955,1.345345
1500594872270,61407467,0.08099966,0.0
1500594879882,61407486,0.08099956,0.0
1500594884621,61407503,0.09002,0.0
1500594884667,61407504,0.09013,96.4398
1500594889919,61407521,0.08099945,123.025052
1500594890022,61407522,0.08099999,1.345345
1500594890022,61407522,0.08099955,0.0
1500594900194,61407551,0.08099945,0.0
1500594906946,61407577,0.08711,67.28829
1500594907590,61407581,0.08099999,1.345345
1500594908262,61407585,0.08779,34.50682
1500594909789,61407594,0.08099989,123.025052
1500594920019,61407624,0.08099989,0.0
1500594924650,61407639,0.08099999,1.345345
1500594930304,61407657,0.08156389,123.025052
1500594939984,61407686,0.08156389,0.0
1500594941695,61407695,0.08099999,1.345345
1500594942581,61407700,0.08671752,6.375878
1500594942581,61407700,0.08595285,0.0
1500594950064,61407723,0.08156389,123.025052
1500594958807,61407746,0.08099999,1.345345
1500594960176,61407747,0.08156389,0.0
1500594970288,61407779,0.08156389,123.025052
1500594979308,61407811,0.08099999,1.345345
1500594980659,61407813,0.08156389,0.0
1500594986331,61407840,0.08999,227.51442
1500594986388,61407841,0.09013,0.0
1500594990302,61407849,0.08156389,123.025052
1500594996207,61407862,0.08099999,1.345345
1500595000322,61407870,0.08156389,0.0
1500595004561,61407882,0.08156399,0.0
1500595004796,61407884,0.08172492,0.0
1500595006535,61407893,0.08721,73.09653
1500595009028,61407896,0.08828,37.53606
1500595010456,61407900,0.08156389,123.025052
1500595013989,61407915,0.08099999,1.345345
1500595026238,61407943,0.08457024,0.0
1500595030192,61407953,0.08099999,1.345345
1500595030507,61407959,0.08156389,0.0
1500595031833,61407962,0.08099999,0.0
1500595031833,61407962,0.081,41.583333
1500595031833,61407962,0.08,0.0
1500595033883,61407970,0.0833999,9.3515
1500595035365,61407974,0.081,38.752052
1500595039273,61407983,0.081,39.212052
1500595040914,61407986,0.08339988,123.025052
1500595042396,61408001,0.0833999,0.0
1500595042568,61408006,0.08339977,9.3515
1500595060989,61408165,0.08339988,0.0
1500595065567,61408214,0.08369406,30.193424
1500595070659,61408250,0.0809999,123.025052
1500595070803,61408252,0.08339977,0.0
1500595070911,61408254,0.08099982,9.3515
1500595071570,61408258,0.08099981,0.606725
1500595074771,61408265,0.08099982,0.0
1500595075177,61408267,0.08099989,0.606725
1500595075177,61408267,0.08099981,0.0
1500595075438,61408268,0.08099985,3.79352
1500595075711,61408269,0.08099984,0.606725
1500595075711,61408269,0.08099989,0.0
1500595076590,61408270,0.08099984,0.0
1500595076798,61408271,0.08099985,0.0
1500595076871,61408272,0.08099988,3.55525
1500595076983,61408273,0.08099979,5.79625
1500595079398,61408286,0.08208707,10.0
1500595079895,61408287,0.08225082,15.0
1500595080798,61408289,0.0809999,0.0
1500595084677,61408302,0.08339998,0.0
1500595085205,61408304,0.08225081,50.716
1500595088478,61408307,0.08099988,0.0
1500595088497,61408308,0.09005,136.15539
1500595088566,61408310,0.09014,303.85061
1500595088567,61408311,0.08099979,0.0
1500595089353,61408317,0.08225076,9.3515
1500595090629,61408320,0.08099969,123.025052
1500595096275,61408332,0.08099969,120.133322
1500595096275,61408333,0.08099969,118.133322
1500595101019,61408342,0.08225076,0.0
1500595101170,61408345,0.08099964,9.3515
1500595101300,61408347,0.08099969,0.0
1500595110941,61408368,0.08099954,118.133322
1500595111260,61408370,0.08099964,0.0
1500595111466,61408372,0.08099946,9.3515
1500595111770,61408374,0.08099945,1.005438
1500595112007,61408375,0.08739,86.34088
1500595113022,61408378,0.08788,44.27737
1500595120829,61408396,0.08099954,0.0
1500595121441,61408400,0.08099946,0.0
1500595121514,61408401,0.08225074,9.3515
1500595122492,61408403,0.08099945,0.606735
1500595122854,61408404,0.08099945,0.0
1500595122854,61408404,0.08099999,0.606735
1500595127487,61408413,0.08099999,0.27686
1500595130906,61408421,0.08099935,118.133322
1500595131275,61408424,0.09,79.5
1500595132491,61408429,0.08099934,0.606706
1500595132491,61408429,0.08099999,0.0
1500595133812,61408433,0.08225074,0.0
1500595134224,61408436,0.08099927,9.3515
1500595137215,61408444,0.08099945,2.168515
1500595137366,61408445,0.08099934,0.0
1500595137366,61408445,0.08099926,0.606719
1500595139453,61408447,0.08092083,0.117093
1500595140920,61408450,0.08099935,0.0
1500595144499,61408458,0.08099927,0.0
1500595144697,61408459,0.08099926,0.0
1500595144697,61408459,0.08092082,0.60729
1500595144716,61408460,0.0822507,9.3515
1500595147227,61408466,0.08099945,0.0
1500595147898,61408468,0.08092082,0.19888
1500595149731,61408475,0.086076,6.375878
1500595149731,61408475,0.08671752,0.0
1500595151218,61408479,0.08092073,118.133322
1500595151381,61408482,0.08108079,0.117093
1500595151381,61408482,0.08092083,0.0
1500595152009,61408484,0.08092072,0.199126
1500595152009,61408484,0.08092082,0.0
1500595155172,61408487,0.0822507,0.0
1500595155264,61408488,0.08092068,10.0
1500595157068,61408490,0.08092067,0.198829
1500595157068,61408490,0.08092072,0.0
1500595161093,61408496,0.08092073,0.0
1500595165499,61408508,0.08092068,0.0
1500595165682,61408509,0.08225074,10.0
1500595166181,61408510,0.08092067,0.0
1500595166181,61408510,0.08099999,0.198829
1500595169193,61408518,0.07932607,0.161532
1500595169292,61408519,0.07932607,8.5e-05
1500595169789,61408520,0.08225074,0.0
