timestamp,id,price,q
1500591203488,33957154,225.7001012,0.615789
1500591203488,33957154,225.70010118,0.0
1500591203498,33957155,225.70010119,0.0
1500591203498,33957155,225.70010121,2.893627
1500591204549,33957158,225.70010122,0.615789
1500591204549,33957158,225.7001012,0.0
1500591204560,33957159,225.70010121,0.0
1500591204560,33957159,225.70010123,2.893627
1500591205478,33957160,225.70010122,0.0
1500591205478,33957160,225.70010124,0.615789
1500591205489,33957161,225.70010125,2.893627
1500591205489,33957161,225.70010123,0.0
1500591206524,33957163,225.70010124,0.0
1500591206524,33957163,225.70010126,0.615789
1500591206533,33957164,225.70010125,0.0
1500591206533,33957164,225.70010127,2.893627
1500591207375,33957165,219,3.34394
1500591207456,33957166,225.70010126,0.0
1500591207456,33957166,225.70010128,0.615789
1500591207477,33957167,225.70010129,2.893627
1500591207477,33957167,225.70010127,0.0
1500591208531,33957170,225.70010128,0.0
1500591208531,33957170,225.7001013,0.615789
1500591208552,33957171,225.70010131,2.893627
1500591208552,33957171,225.70010129,0.0
1500591209438,33957173,225.7001013,0.0
1500591209438,33957173,225.70010132,0.615789
1500591209447,33957174,225.70010133,2.893627
1500591209447,33957174,225.70010131,0.0
1500591209792,33957175,223.2993,0.0
1500591210283,33957179,221.9595,0.0
1500591210486,33957180,225.70010134,0.615789
1500591210486,33957180,225.70010132,0.0
1500591210498,33957181,225.70010135,2.893627
1500591210498,33957181,225.70010133,0.0
1500591212376,33957182,225.70010136,0.615789
1500591212376,33957182,225.70010134,0.0
1500591212386,33957183,225.70010137,2.918379
1500591212386,33957183,225.70010135,0.0
1500591212468,33957184,224.11861418,0.0
1500591212539,33957185,223.85197052,26.0
1500591213475,33957187,225.70010335,0.8
1500591213528,33957188,225.70010137,0.0
1500591213528,33957188,225.70010336,2.918379
1500591214329,33957190,223.66165451,0.0
1500591214329,33957190,223.41306081,112.364116
1500591214371,33957191,225.70010337,0.615789
1500591214371,33957191,225.70010136,0.0
1500591214387,33957192,225.70010338,2.918379
1500591214387,33957192,225.70010336,0.0
1500591215867,33957195,223.30957,3.152
1500591216346,33957196,225.70010339,0.615789
1500591216346,33957196,225.70010337,0.0
1500591216357,33957197,225.70010338,0.0
1500591216357,33957197,225.7001034,2.918379
1500591216389,33957198,221.96972,5.0
1500591217434,33957200,223.63133185,24.813496
1500591217434,33957200,223.84747052,0.0
1500591217536,33957201,225.70010341,0.615789
1500591217536,33957201,225.70010339,0.0
1500591217558,33957202,225.70010342,2.918379
1500591217558,33957202,225.7001034,0.0
1500591218017,33957204,224.00000002,8.084965
1500591218017,33957204,224.10831418,0.0
1500591218533,33957207,225.70010343,0.615789
1500591218533,33957207,225.70010341,0.0
1500591218551,33957208,225.70010342,0.0
1500591218551,33957208,225.70010344,2.918379
1500591219476,33957210,225.70010343,0.0
1500591219476,33957210,225.70010345,0.615789
1500591219500,33957211,225.70010344,0.0
1500591219500,33957211,225.70010346,2.918379
1500591220524,33957213,225.70010347,0.615789
1500591220524,33957213,225.70010345,0.0
1500591220534,33957214,225.70010346,0.0
1500591220534,33957214,225.70010348,2.918379
1500591221467,33957217,225.70010347,0.0
1500591221467,33957217,225.70010349,0.615789
1500591221484,33957218,225.7001035,2.918379
1500591221484,33957218,225.70010348,0.0
1500591222513,33957219,225.70010349,0.0
1500591222513,33957219,225.70010351,0.615789
1500591222525,33957220,225.70010352,2.918379
1500591222525,33957220,225.7001035,0.0
1500591222905,33957223,223.85197052,0.0
1500591223199,33957225,223.79145668,26.0
1500591223469,33957227,225.70010351,0.0
1500591223469,33957227,225.70010353,0.615789
1500591223481,33957228,225.70010352,0.0
1500591223481,33957228,225.70010354,2.918379
1500591224517,33957229,225.70010355,0.615789
1500591224517,33957229,225.70010353,0.0
1500591224619,33957230,223.30957,0.0
1500591224687,33957231,225.70010354,0.0
1500591224687,33957231,225.70010356,2.918379
1500591225127,33957233,221.96972,0.0
1500591225470,33957235,225.70010357,0.615789
1500591225470,33957235,225.70010355,0.0
1500591225481,33957236,225.70010356,0.0
1500591225481,33957236,225.70010358,2.918379
1500591225971,33957237,225.70010335,0.0
1500591226507,33957239,225.70010359,0.615789
1500591226507,33957239,225.70010357,0.0
1500591226517,33957240,225.7001036,2.918379
1500591226517,33957240,225.70010358,0.0
1500591227112,33957242,225.70010556,0.8
1500591227153,33957243,225.7001036,0.0
1500591227153,33957243,225.70010557,2.918379
1500591227193,33957244,223.64185753,112.249162
1500591227193,33957244,223.41306081,0.0
1500591227550,33957246,225.70010359,0.0
1500591227550,33957246,225.70010558,0.615789
1500591227559,33957247,225.70010559,2.918379
1500591227559,33957247,225.70010557,0.0
1500591228533,33957250,225.70010558,0.0
1500591228533,33957250,225.7001056,0.615789
1500591228563,33957251,225.70010559,0.0
1500591228563,33957251,225.70010561,2.918379
1500591229543,33957254,225.7001056,0.0
1500591229543,33957254,225.70010562,0.615789
1500591229554,33957255,225.70010563,2.918379
1500591229554,33957255,225.70010561,0.0
1500591229764,33957256,223.33259,0.618
1500591230286,33957258,221.9926,5.0
1500591230368,33957259,225.71,20.0
1500591230387,33957260,225.70010563,0.0
1500591230387,33957260,225.71000001,2.918379
1500591230467,33957261,225.70010562,0.0
1500591230467,33957261,225.71000002,0.615789
1500591230476,33957262,225.71000001,0.0
1500591230476,33957262,225.71000003,2.918379
1500591231516,33957265,225.71000004,0.615789
1500591231516,33957265,225.71000002,0.0
1500591231527,33957266,225.71000003,0.0
1500591231527,33957266,225.71000005,2.918379
1500591232460,33957267,225.71000006,0.615789
1500591232460,33957267,225.71000004,0.0
1500591232471,33957268,225.71000005,0.0
1500591232471,33957268,225.71000007,2.918379
1500591233507,33957270,225.71000008,0.615789
1500591233507,33957270,225.71000006,0.0
1500591233524,33957271,225.71000007,0.0
1500591233524,33957271,225.71000009,2.918379
1500591234452,33957274,225.7100001,0.615789
1500591234452,33957274,225.71000008,0.0
1500591234462,33957275,225.71000011,2.918379
1500591234462,33957275,225.71000009,0.0
1500591234604,33957276,223.46640629,104.759863
1500591234604,33957276,223.78335668,0.0
1500591234699,33957277,223.79145668,0.0
1500591234880,33957278,223.65125753,26.0
1500591236342,33957282,225.71000012,0.615789
1500591236342,33957282,225.7100001,0.0
1500591236355,33957283,225.71000013,2.918379
1500591236355,33957283,225.71000011,0.0
1500591237487,33957284,225.71000012,0.0
1500591237487,33957284,225.71000014,0.615789
1500591237497,33957285,225.71000015,2.918379
1500591237497,33957285,225.71000013,0.0
1500591238306,33957288,221.9926,0.0
1500591238541,33957290,225.71000014,0.0
1500591238541,33957290,225.71000016,0.615789
1500591238557,33957291,225.71000017,2.918379
1500591238557,33957291,225.71000015,0.0
1500591239478,33957295,225.71000018,0.615789
1500591239478,33957295,225.71000016,0.0
1500591239491,33957296,225.71000017,0.0
1500591239491,33957296,225.71000019,2.918379
1500591239889,33957297,225.70010556,0.0
1500591240524,33957298,225.7100002,0.615789
1500591240524,33957298,225.71000018,0.0
1500591240532,33957299,225.71000021,2.918379
1500591240532,33957299,225.71000019,0.0
1500591240598,33957300,223.93156235,104.542253
1500591240598,33957300,223.46640629,0.0
1500591241044,33957302,225.71000215,0.8
1500591241055,33957303,225.71000021,0.0
1500591241055,33957303,225.71000216,2.918379
1500591241449,33957304,225.7100002,0.0
1500591241449,33957304,225.71000217,0.615789
1500591241501,33957305,225.71000216,0.0
1500591241501,33957305,225.71000218,2.918379
1500591242497,33957309,225.71000217,0.0
1500591242497,33957309,225.71000219,0.615789
1500591242507,33957310,225.7100022,3.079544
1500591242507,33957310,225.71000218,0.0
1500591243327,33957311,221.9926,4.952
1500591243439,33957312,225.71000221,0.615789
1500591243439,33957312,225.71000219,0.0
1500591243640,33957314,225.71000222,3.079544
1500591243640,33957314,225.7100022,0.0
1500591244485,33957315,225.71000223,0.615789
1500591244485,33957315,225.71000221,0.0
1500591244517,33957316,225.71000222,0.0
1500591244517,33957316,225.71000224,3.079544
1500591244602,33957317,223.93156235,0.0
1500591244602,33957317,223.60019665,104.69718
1500591245526,33957319,225.71000225,0.615789
1500591245526,33957319,225.71000223,0.0
1500591245562,33957321,225.71000224,0.0
1500591245562,33957321,225.71000226,3.079544
1500591246349,33957323,223.64185753,0.0
1500591246349,33957323,223.4268067,112.357203
1500591246473,33957324,225.71000227,0.615789
1500591246473,33957324,225.71000225,0.0
1500591246511,33957325,225.71000226,0.0
1500591246511,33957325,225.71000228,3.079544
1500591247298,33957329,211.95,0.0
1500591247298,33957329,210.08,18.63
1500591247520,33957331,225.71000229,0.615789
1500591247520,33957331,225.71000227,0.0
1500591247531,33957332,225.7100023,3.079544
1500591247531,33957332,225.71000228,0.0
1500591249416,33957339,225.71000229,0.0
1500591249416,33957339,225.71000231,0.615789
1500591249433,33957340,225.7100023,0.0
1500591249433,33957340,225.71000232,3.079544
1500591249787,33957341,223.7817617,104.612235
1500591249787,33957341,223.60019665,0.0
1500591250057,33957342,223.62763394,112.256301
1500591250057,33957342,223.4268067,0.0
1500591250057,33957343,223.65125753,0.0
1500591250148,33957344,223.7838617,26.0
1500591250458,33957349,225.71000233,0.615789
1500591250458,33957349,225.71000231,0.0
1500591250470,33957350,225.71000234,3.079544
1500591250470,33957350,225.71000232,0.0
1500591251505,33957352,225.71000235,0.615789
1500591251505,33957352,225.71000233,0.0
1500591251517,33957353,225.71000236,3.079544
1500591251517,33957353,225.71000234,0.0
1500591252434,33957355,225.71000235,0.0
1500591252434,33957355,225.71000237,0.615789
1500591252444,33957356,225.71000236,0.0
1500591252444,33957356,225.71000238,3.079544
1500591252580,33957357,223.33480448,104.821594
1500591252580,33957357,223.7817617,0.0
1500591252598,33957358,223.33259,0.0
1500591253060,33957359,221.9926,0.0
1500591253262,33957362,225.71000215,0.0
1500591253478,33957363,225.71000239,0.615789
1500591253478,33957363,225.71000237,0.0
1500591253493,33957364,225.71000238,0.0
1500591253493,33957364,225.7100024,3.079544
1500591253573,33957365,225.71000239,0.823132
1500591253747,33957367,225.71000241,0.207343
1500591253747,33957367,225.71000239,0.615789
1500591254395,33957368,225.71000436,0.8
1500591254406,33957369,225.7100024,0.0
1500591254406,33957369,225.71000437,3.079544
1500591254522,33957370,225.71000438,0.615789
1500591254522,33957370,225.71000239,0.0
1500591254537,33957371,225.71000439,3.079544
1500591254537,33957371,225.71000437,0.0
1500591254567,33957372,225.71000437,0.207343
1500591254567,33957372,225.71000241,0.0
1500591254751,33957374,225.7100044,0.207343
1500591254751,33957374,225.71000437,0.0
1500591255469,33957376,225.71000441,0.615789
1500591255469,33957376,225.71000438,0.0
1500591255483,33957377,225.71000442,3.079544
1500591255483,33957377,225.71000439,0.0
1500591255639,33957378,225.7100044,0.0
1500591255639,33957378,225.71000442,3.286887
1500591255814,33957379,225.71000442,3.079544
1500591255814,33957379,225.71000443,0.207343
1500591256515,33957381,225.71000444,0.615789
1500591256515,33957381,225.71000441,0.0
1500591256525,33957382,225.71000442,0.0
1500591256525,33957382,225.71000445,3.079544
1500591256815,33957383,225.71000443,0.0
1500591256815,33957383,225.71000445,3.286887
1500591256998,33957385,225.71000445,3.079544
1500591256998,33957385,225.71000446,0.207343
1500591257469,33957388,225.71000444,0.0
1500591257469,33957388,225.71000447,0.615789
1500591257480,33957389,225.71000445,0.0
1500591257480,33957389,225.71000448,3.079544
1500591257639,33957390,225.71000448,3.286887
1500591257639,33957390,225.71000446,0.0
1500591257849,33957391,225.71000448,3.079544
1500591257849,33957391,225.71000449,0.207343
1500591258542,33957395,225.7100045,0.615789
1500591258542,33957395,225.71000447,0.0
1500591258554,33957396,225.71000448,0.0
1500591258554,33957396,225.71000451,3.079544
1500591258713,33957397,225.71000451,3.286887
1500591258713,33957397,225.71000449,0.0
1500591258889,33957398,225.71000451,3.079544
1500591258889,33957398,225.71000452,0.207343
1500591259463,33957399,225.71000453,0.615789
1500591259463,33957399,225.7100045,0.0
1500591259474,33957400,225.71000451,0.0
1500591259474,33957400,225.71000454,3.079544
1500591259637,33957402,225.71000454,3.286887
1500591259637,33957402,225.71000452,0.0
1500591259842,33957404,225.71000454,3.079544
1500591259842,33957404,225.71000455,0.207343
1500591261333,33957406,225.71000456,0.615789
1500591261333,33957406,225.71000453,0.0
1500591261342,33957407,225.71000454,0.0
1500591261342,33957407,225.71000457,3.079544
1500591261432,33957408,223.7838617,0.0
1500591261507,33957411,225.71000457,3.286887
1500591261507,33957411,225.71000455,0.0
1500591261591,33957412,223.63513185,26.0
1500591261683,33957413,225.71000457,3.079544
1500591261683,33957413,225.71000458,0.207343
1500591262496,33957414,225.71000459,0.615789
1500591262496,33957414,225.71000456,0.0
1500591262507,33957415,225.71000457,0.0
1500591262507,33957415,225.7100046,3.079544
1500591262670,33957417,225.71000458,0.0
1500591262670,33957417,225.7100046,3.286887
1500591262841,33957418,225.71000461,0.207343
1500591262841,33957418,225.7100046,3.079544
1500591263544,33957419,225.71000462,0.615789
1500591263544,33957419,225.71000459,0.0
1500591263559,33957420,225.71000463,3.079544
1500591263559,33957420,225.7100046,0.0
1500591263736,33957421,225.71000463,3.286887
1500591263736,33957421,225.71000461,0.0
1500591263910,33957422,225.71000464,0.207343
1500591263910,33957422,225.71000463,3.079544
1500591265428,33957424,225.71000465,0.615789
1500591265428,33957424,225.71000462,0.0
1500591265441,33957425,225.71000466,3.079544
1500591265441,33957425,225.71000463,0.0
1500591265610,33957427,225.71000466,3.286887
1500591265610,33957427,225.71000464,0.0
1500591265782,33957429,225.71000467,0.207343
1500591265782,33957429,225.71000466,3.079544
1500591267415,33957430,225.71000436,0.0
1500591267415,33957431,225.71000468,0.615789
1500591267415,33957431,225.71000465,0.0
1500591267426,33957432,225.71000469,3.079544
1500591267426,33957432,225.71000466,0.0
1500591267590,33957433,225.71000467,0.0
1500591267590,33957433,225.71000469,3.286887
1500591267802,33957435,225.71000469,3.079544
1500591267802,33957435,225.7100047,0.207343
1500591269396,33957439,225.71000471,0.615789
1500591269396,33957439,225.71000468,0.0
1500591269568,33957440,225.71000472,0.207343
1500591269568,33957440,225.7100047,0.0
1500591270009,33957441,223.40487508,112.368233
1500591270009,33957441,223.62763394,0.0
1500591270043,33957442,225.71000469,0.0
1500591270043,33957442,225.71000472,3.286887
1500591270193,33957443,225.71000472,3.079544
1500591270193,33957443,225.71000473,0.207343
1500591270443,33957445,225.71000471,0.0
1500591270443,33957445,225.71000474,0.615789
1500591270473,33957446,225.71000472,0.0
1500591270473,33957446,225.71000475,3.079544
1500591270616,33957447,225.71000475,3.286887
1500591270616,33957447,225.71000473,0.0
1500591270792,33957448,225.71000475,3.079544
1500591270792,33957448,225.71000476,0.207343
1500591271485,33957450,225.71000474,0.0
1500591271485,33957450,225.71000477,0.615789
1500591271497,33957451,225.71000475,0.0
1500591271497,33957451,225.71000478,3.079544
1500591271662,33957453,225.71000476,0.0
1500591271662,33957453,225.71000478,3.286887
1500591271833,33957454,223.63513185,0.0
1500591271848,33957455,225,21.646211
1500591271873,33957456,225.71000478,3.079544
1500591271873,33957456,225.71000479,0.207343
1500591271930,33957457,223.40877508,26.0
1500591272574,33957458,225.7100048,0.615789
1500591272574,33957458,225.71000477,0.0
1500591272597,33957459,225.71000478,0.0
1500591272597,33957459,225.71000481,3.087362
1500591272748,33957460,225.71000481,3.294705
1500591272748,33957460,225.71000479,0.0
1500591272919,33957462,225.71000481,3.087362
1500591272919,33957462,225.71000482,0.207343
1500591273116,33957463,210.2,72.38
1500591273116,33957463,211.9,0.0
1500591273485,33957464,225.7100048,0.0
1500591273485,33957464,225.71000483,0.615789
1500591273497,33957465,225.71000481,0.0
1500591273497,33957465,225.71000484,3.087362
1500591273657,33957466,225.71000482,0.0
1500591273657,33957466,225.71000484,3.294705
1500591273829,33957467,225.71000485,0.207343
1500591273829,33957467,225.71000484,3.087362
1500591274534,33957469,225.71000483,0.0
1500591274534,33957469,225.71000486,0.615789
1500591274550,33957470,225.71000487,3.087362
1500591274550,33957470,225.71000484,0.0
1500591274707,33957471,225.71000485,0.0
1500591274707,33957471,225.71000487,3.294705
1500591275457,33957472,225.71000486,0.0
1500591275457,33957472,225.71000488,0.615789
1500591275468,33957473,225.71000487,0.207343
1500591275468,33957473,225.71000489,3.087362
1500591275593,33957474,225.71000487,0.0
1500591275593,33957474,225.71000488,0.823132
1500591275764,33957476,225.7100049,0.207343
1500591275764,33957476,225.71000488,0.615789
1500591276042,33957477,223.6247628,104.685679
1500591276042,33957477,223.33480448,0.0
1500591276442,33957478,224.05027545,24.767098
1500591276442,33957478,223.63133185,0.0
1500591276505,33957479,225.71000491,0.615789
1500591276505,33957479,225.71000488,0.0
1500591276516,33957480,225.71000492,3.087362
1500591276516,33957480,225.71000489,0.0
1500591276806,33957482,225.7100049,0.0
1500591276806,33957482,225.71000492,3.294705
1500591276993,33957483,225.71000492,3.087362
1500591276993,33957483,225.71000493,0.207343
1500591277457,33957486,225.71000494,0.615789
1500591277457,33957486,225.71000491,0.0
1500591277472,33957487,225.71000492,0.0
1500591277472,33957487,225.71000495,3.087362
1500591277628,33957490,225.71000495,3.294705
1500591277628,33957490,225.71000493,0.0
1500591277797,33957491,225.71000496,0.207343
1500591277797,33957491,225.71000495,3.087362
1500591278566,33957493,225.71000494,0.0
1500591278566,33957493,225.71000497,0.615789
1500591278568,33957494,225.71000498,3.087362
1500591278568,33957494,225.71000495,0.0
1500591278758,33957496,225.71000496,0.0
1500591278758,33957496,225.71000498,3.294705
1500591278940,33957497,225.71000499,0.207343
1500591278940,33957497,225.71000498,3.087362
1500591279440,33957498,225.710005,0.615789
1500591279440,33957498,225.71000497,0.0
1500591279452,33957499,225.71000501,3.087362
1500591279452,33957499,225.71000498,0.0
1500591279617,33957500,225.71000499,0.0
1500591279617,33957500,225.71000501,3.294705
1500591279686,33957501,187,40.35
1500591280483,33957503,225.71000502,0.615789
1500591280483,33957503,225.710005,0.0
1500591280495,33957504,225.71000503,3.087362
1500591280495,33957504,225.71000501,0.207343
1500591280597,33957505,225.71000502,0.823132
1500591280597,33957505,225.71000501,0.0
1500591280772,33957507,225.71000504,0.207343
1500591280772,33957507,225.71000502,0.615789
1500591281530,33957508,225.71000505,0.615789
1500591281530,33957508,225.71000502,0.0
1500591281539,33957509,225.71000506,3.087362
1500591281539,33957509,225.71000503,0.0
1500591281701,33957511,225.71000504,0.0
1500591281701,33957511,225.71000506,3.294705
1500591281872,33957512,225.71000506,3.087362
1500591281872,33957512,225.71000507,0.207343
1500591281992,33957513,223.40877508,0.0
1500591282080,33957514,223.6299628,26.0
1500591282472,33957515,225.71000508,0.615789
1500591282472,33957515,225.71000505,0.0
1500591282483,33957516,225.71000506,0.0
1500591282483,33957516,225.71000509,3.087362
1500591282641,33957517,225.71000509,3.294705
1500591282641,33957517,225.71000507,0.0
1500591282826,33957519,225.7100051,0.207343
1500591282826,33957519,225.71000509,3.087362
1500591282912,33957520,225.001,0.0
1500591284339,33957523,225.71000508,0.0
1500591284339,33957523,225.71000511,0.615789
1500591284348,33957524,225.71000512,3.087362
1500591284348,33957524,225.71000509,0.0
1500591284524,33957527,225.71000512,3.294705
1500591284524,33957527,225.7100051,0.0
1500591284696,33957529,225.71000513,0.207343
1500591284696,33957529,225.71000512,3.087362
1500591285555,33957530,225.71000511,0.0
1500591285555,33957530,225.71000514,0.615789
1500591285597,33957531,225.71000515,3.087362
1500591285597,33957531,225.71000512,0.0
1500591285727,33957533,225.71000515,3.294705
1500591285727,33957533,225.71000513,0.0
1500591285898,33957534,225.71000516,0.207343
1500591285898,33957534,225.71000515,3.087362
1500591286547,33957535,225.71000514,0.0
1500591286547,33957535,225.71000517,0.615789
1500591286557,33957536,225.71000518,3.087362
1500591286557,33957536,225.71000515,0.0
1500591286815,33957539,225.71000516,0.0
1500591286815,33957539,225.71000518,3.294705
1500591286998,33957540,225.71000518,3.087362
1500591286998,33957540,225.71000519,0.207343
1500591287577,33957542,224.05027547,2.897307
1500591287577,33957542,224.00000002,5.187008
1500591287929,33957543,225.71000517,0.0
1500591287929,33957543,225.71000519,0.823132
1500591288107,33957545,225.7100052,0.207343
1500591288107,33957545,225.71000519,0.615789
1500591288787,33957548,223.6247628,0.0
1500591288787,33957548,223.27551854,104.849427
1500591288841,33957549,225.71000518,0.0
1500591288841,33957549,225.7100052,3.294705
1500591289011,33957550,225.71000521,0.207343
1500591289011,33957550,225.7100052,3.087362
1500591289380,33957555,225.71000522,0.615789
1500591289380,33957555,225.71000519,0.0
1500591289390,33957556,225.71000523,3.087362
1500591289390,33957556,225.7100052,0.0
1500591289427,33957557,223.47579868,24.830765
1500591289427,33957557,224.05027545,0.0
1500591289549,33957558,225.71000523,3.294705
1500591289549,33957558,225.71000521,0.0
1500591289726,33957560,225.71000523,3.087362
1500591289726,33957560,225.71000524,0.207343
1500591291366,33957565,225.71000522,0.0
1500591291366,33957565,225.71000525,0.615789
1500591291375,33957566,225.71000523,0.0
1500591291375,33957566,225.71000526,3.087362
1500591291535,33957567,225.71000524,0.0
1500591291535,33957567,225.71000526,3.294705
1500591291707,33957569,225.71000527,0.207343
1500591291707,33957569,225.71000526,3.087362
1500591292312,33957570,223.40487508,0.0
1500591292312,33957570,223.08834206,112.527669
1500591292510,33957571,225.71000525,0.0
1500591292510,33957571,225.71000528,0.615789
1500591292521,33957572,225.71000529,3.087362
1500591292521,33957572,225.71000526,0.0
1500591292570,33957573,223.6299628,0.0
1500591292605,33957574,223.27551854,0.0
1500591292605,33957574,223.01737407,104.970791
1500591292682,33957575,225.71000529,3.294705
1500591292682,33957575,225.71000527,0.0
1500591292811,33957576,223.28241854,26.0
1500591292857,33957578,225.71000529,3.087362
1500591292857,33957578,225.7100053,0.207343
1500591294403,33957580,225.71000528,0.0
1500591294403,33957580,225.71000531,0.615789
1500591294420,33957581,225.71000529,0.0
1500591294420,33957581,225.71000532,3.087362
1500591294591,33957583,225.7100053,0.0
1500591294591,33957583,225.71000532,3.294705
1500591294775,33957585,225.71000532,3.087362
1500591294775,33957585,225.71000533,0.207343
1500591295326,33957586,225.70010103,0.7
1500591296097,33957587,223.08834206,0.0
1500591296097,33957587,222.883107,112.631287
1500591296246,33957588,223.28241854,0.0
1500591296374,33957591,225.71000531,0.0
1500591296374,33957591,225.71000534,0.615789
1500591296393,33957592,225.71000532,0.0
1500591296393,33957592,225.71000535,3.087362
1500591296543,33957593,225.71000535,3.294705
1500591296543,33957593,225.71000533,0.0
1500591296814,33957594,225.71000535,3.087362
1500591296814,33957594,225.71000536,0.207343
1500591297565,33957598,223.01737407,0.0
1500591297565,33957598,223.35286773,104.813116
1500591298368,33957600,225.71000537,0.615789
1500591298368,33957600,225.71000534,0.0
1500591298543,33957601,225.71000536,0.0
1500591298543,33957601,225.71000538,0.207343
1500591298618,33957602,225.71000535,0.0
1500591298618,33957602,225.71000538,3.294705
1500591298791,33957603,225.71000539,0.207343
1500591298791,33957603,225.71000538,3.087362
1500591300374,33957605,225.71000537,0.0
1500591300374,33957605,225.7100054,0.615789
1500591300386,33957606,225.71000541,3.087362
1500591300386,33957606,225.71000538,0.0
1500591300456,33957607,224.02848459,24.769507
1500591300456,33957607,223.47579868,0.0
1500591300545,33957609,225.71000541,3.294705
1500591300545,33957609,225.71000539,0.0
1500591300716,33957610,225.71000541,3.087362
1500591300716,33957610,225.71000542,0.207343
1500591302359,33957612,225.7100054,0.0
1500591302359,33957612,225.71000543,0.615789
1500591302379,33957613,225.71000541,0.0
1500591302379,33957613,225.71000544,3.087362
1500591302531,33957614,225.71000544,3.294705
1500591302531,33957614,225.71000542,0.0
1500591302702,33957616,225.71000545,0.207343
1500591302702,33957616,225.71000544,3.087362
1500591304013,33957617,224.05027547,0.0
1500591304013,33957617,224.02848461,2.897589
1500591304075,33957618,225.72000545,4.7
1500591304096,33957619,225.72000546,3.08503
1500591304096,33957619,225.71000544,0.0
1500591304251,33957621,225.71000545,0.0
1500591304251,33957621,225.72000546,3.292373
1500591304342,33957622,225.72000547,0.615789
1500591304342,33957622,225.71000543,0.0
1500591304353,33957623,225.72000546,0.207343
1500591304353,33957623,225.72000548,3.08503
1500591304425,33957624,225.72000546,0.0
1500591304425,33957624,225.72000547,0.823132
1500591304593,33957625,225.72000547,0.615789
1500591304593,33957625,225.72000549,0.207343
1500591305494,33957627,225.72000547,0.0
1500591305494,33957627,225.7200055,0.615789
1500591305505,33957628,225.72000548,0.0
1500591305505,33957628,225.72000551,3.08503
1500591305672,33957630,225.72000551,3.292373
1500591305672,33957630,225.72000549,0.0
1500591305841,33957631,225.72000551,3.08503
1500591305841,33957631,225.72000552,0.207343
1500591306539,33957632,225.72000553,0.615789
1500591306539,33957632,225.7200055,0.0
1500591306556,33957633,225.72000551,0.0
1500591306556,33957633,225.72000554,3.08503
1500591306812,33957634,225.72000552,0.0
1500591306812,33957634,225.72000554,3.292373
1500591306984,33957637,225.72000554,3.08503
1500591306984,33957637,225.72000555,0.207343
1500591307300,33957640,225.72000545,0.0
1500591308248,33957641,225.72000752,0.8
1500591308264,33957642,225.72000554,0.0
1500591308264,33957642,225.72000753,3.08503
1500591308367,33957643,224.02848459,0.0
1500591308367,33957643,224.26462697,24.743425
1500591308539,33957644,225.72000553,0.0
1500591308539,33957644,225.72000754,0.615789
1500591308540,33957645,225.72000555,0.0
1500591308540,33957645,225.72000753,3.292373
1500591308550,33957647,225.72000753,0.207343
1500591308550,33957647,225.72000755,3.08503
1500591308712,33957648,225.72000753,0.0
1500591308712,33957648,225.72000755,3.292373
1500591308884,33957649,225.72000755,3.08503
1500591308884,33957649,225.72000756,0.207343
1500591309076,33957650,223.76977961,104.617836
1500591309076,33957650,223.35286773,0.0
1500591310072,33957654,225.73000756,4.7
1500591310130,33957655,225.72000755,0.0
1500591310130,33957655,225.73000757,3.08503
1500591310244,33957656,225.73000757,3.292373
1500591310244,33957656,225.72000756,0.0
1500591310401,33957657,225.73000758,0.615789
1500591310401,33957657,225.72000754,0.0
1500591310411,33957658,225.73000757,0.207343
1500591310411,33957658,225.73000759,3.08503
1500591310415,33957659,225.73000757,0.0
1500591310415,33957659,225.73000758,0.823132
1500591310588,33957660,225.7300076,0.207343
1500591310588,33957660,225.73000758,0.615789
1500591312469,33957663,225.73000761,0.615789
1500591312469,33957663,225.73000758,0.0
1500591312483,33957664,225.73000762,3.08503
1500591312483,33957664,225.73000759,0.0
1500591312637,33957665,225.73000762,3.292373
1500591312637,33957665,225.7300076,0.0
1500591312810,33957667,225.73000763,0.207343
1500591312810,33957667,225.73000762,3.08503
1500591313161,33957668,225.73000756,0.0
1500591314392,33957669,225.73000764,0.615789
1500591314392,33957669,225.73000761,0.0
1500591314413,33957670,225.73000765,3.08503
1500591314413,33957670,225.73000762,0.0
1500591314668,33957672,225.73000763,0.0
1500591314668,33957672,225.73000765,3.292373
1500591314841,33957673,225.73000766,0.207343
1500591314841,33957673,225.73000765,3.08503
1500591315959,33957674,225.74000766,4.7
1500591315978,33957675,225.74000767,3.08503
1500591315978,33957675,225.73000765,0.0
1500591316130,33957677,225.73000766,0.0
1500591316130,33957677,225.74000767,3.292373
1500591316301,33957678,225.74000767,3.08503
1500591316301,33957678,225.74000768,0.207343
1500591316383,33957679,225.73000764,0.0
1500591316383,33957679,225.74000769,0.615789
1500591316395,33957680,225.74000767,0.0
1500591316395,33957680,225.7400077,3.08503
1500591316553,33957681,225.74000768,0.0
1500591316553,33957681,225.7400077,3.292373
1500591316816,33957682,225.74000771,0.207343
1500591316816,33957682,225.7400077,3.08503
1500591317533,33957683,225.74000772,0.615789
1500591317533,33957683,225.74000769,0.0
1500591317552,33957684,225.74000773,3.08503
1500591317552,33957684,225.7400077,0.0
1500591317706,33957687,225.74000773,3.292373
1500591317706,33957687,225.74000771,0.0
1500591317884,33957690,225.74000773,3.08503
1500591317884,33957690,225.74000774,0.207343
1500591318547,33957691,225.74000775,0.615789
1500591318547,33957691,225.74000772,0.0
1500591318565,33957692,225.74000773,0.0
1500591318565,33957692,225.74000776,3.08503
1500591318722,33957693,225.74000776,3.292373
1500591318722,33957693,225.74000774,0.0
1500591318901,33957695,225.74000777,0.207343
1500591318901,33957695,225.74000776,3.08503
1500591319248,33957696,225.74000766,0.0
1500591320381,33957697,225.74000778,0.615789
1500591320381,33957697,225.74000775,0.0
1500591320382,33957698,225.74000779,3.08503
1500591320382,33957698,225.74000776,0.0
1500591320529,33957699,225.74000779,3.292373
1500591320529,33957699,225.74000777,0.0
1500591320698,33957702,225.74000779,3.08503
1500591320698,33957702,225.7400078,0.207343
1500591321466,33957703,223.76977963,5.192345
1500591321466,33957703,224.00000002,0.0
1500591321480,33957704,224.26462699,2.894538
1500591321480,33957704,224.02848461,0.0
1500591322043,33957706,225.7500078,4.7
1500591322054,33957707,225.74000779,0.0
1500591322054,33957707,225.75000781,3.08503
1500591322213,33957708,225.75000781,3.292373
1500591322213,33957708,225.7400078,0.0
1500591322338,33957709,225.75000782,0.615789
1500591322338,33957709,225.74000778,0.0
1500591322357,33957710,225.75000783,3.08503
1500591322357,33957710,225.75000781,0.207343
1500591322383,33957711,225.75000782,0.823132
1500591322383,33957711,225.75000781,0.0
1500591322637,33957712,225.75000784,0.207343
1500591322637,33957712,225.75000782,0.615789
1500591323485,33957715,225.75000785,0.615789
1500591323485,33957715,225.75000782,0.0
1500591323511,33957716,225.75000786,3.08503
1500591323511,33957716,225.75000783,0.0
1500591323655,33957717,225.75000786,3.292373
1500591323655,33957717,225.75000784,0.0
1500591324630,33957718,225.75000787,0.207343
1500591324630,33957718,225.75000786,3.08503
1500591324967,33957720,222.68942365,112.729247
1500591324967,33957720,222.883107,0.0
1500591325230,33957721,225.7500078,0.0
1500591325377,33957722,225.75000785,0.0
1500591325377,33957722,225.75000788,0.615789
1500591325388,33957723,225.75000789,3.08503
1500591325388,33957723,225.75000786,0.0
1500591325626,33957724,225.75000787,0.0
1500591325626,33957724,225.75000789,3.292373
1500591325832,33957725,225.75000789,3.08503
1500591325832,33957725,225.7500079,0.207343
1500591326456,33957729,224.26462697,0.0
1500591326456,33957729,223.94940185,24.778254
1500591327365,33957730,225.75000788,0.0
1500591327365,33957730,225.75000791,0.615789
1500591327415,33957732,225.75000789,0.0
1500591327415,33957732,225.75000792,3.08503
1500591327536,33957733,225.7500079,0.0
1500591327536,33957733,225.75000792,3.292373
1500591327718,33957735,225.75000793,0.207343
1500591327718,33957735,225.75000792,3.08503
1500591328301,33957738,225.72000752,0.0
1500591328567,33957740,223.76977961,0.0
1500591328567,33957740,223.57337491,104.709741
1500591329338,33957742,225.75000794,0.615789
1500591329338,33957742,225.75000791,0.0
1500591329349,33957743,225.75000795,3.08503
1500591329349,33957743,225.75000792,0.0
1500591329508,33957744,225.75000793,0.0
1500591329508,33957744,225.75000795,3.292373
1500591329683,33957746,225.75000796,0.207343
1500591329683,33957746,225.75000795,3.08503
1500591330389,33957748,223.94940185,0.0
1500591330389,33957748,224.25221112,24.744795
1500591331335,33957749,225.75000794,0.0
1500591331335,33957749,225.75000797,0.615789
1500591331344,33957750,225.75000798,3.08503
1500591331344,33957750,225.75000795,0.0
1500591331511,33957752,225.75000798,3.292373
1500591331511,33957752,225.75000796,0.0
1500591331686,33957753,225.75000799,0.207343
1500591331686,33957753,225.75000798,3.08503
1500591332615,33957754,222.3,0.0
1500591333424,33957756,224.03128619,24.769197
1500591333424,33957756,224.25221112,0.0
1500591333438,33957757,225.75000797,0.0
1500591333438,33957757,225.750008,0.615789
1500591333451,33957758,225.75000801,3.077135
1500591333451,33957758,225.75000798,0.0
1500591333609,33957759,225.75000801,3.284478
1500591333609,33957759,225.75000799,0.0
1500591333782,33957761,225.75000802,0.207343
1500591333782,33957761,225.75000801,3.077135
1500591335422,33957764,225.75000803,0.615789
1500591335422,33957764,225.750008,0.0
1500591335434,33957765,225.75000804,3.077135
1500591335434,33957765,225.75000801,0.0
1500591335599,33957766,225.75000804,3.284478
1500591335599,33957766,225.75000802,0.0
1500591336313,33957768,225.75000804,3.077135
1500591336313,33957768,225.75000805,0.207343
1500591336334,33957769,224.03128619,0.0
1500591336334,33957769,223.70506421,24.805317
1500591336531,33957770,223.38579483,104.797667
1500591336531,33957770,223.57337491,0.0
1500591337412,33957772,225.75000806,0.615789
1500591337412,33957772,225.75000803,0.0
1500591337426,33957773,225.75000804,0.0
1500591337426,33957773,225.75000807,3.077135
1500591337583,33957775,225.75000807,3.284478
1500591337583,33957775,225.75000805,0.0
1500591337854,33957776,218.6853,0.0
1500591338275,33957780,216.8791,127.844
1500591338551,33957781,224.26462699,0.0
1500591338551,33957781,224.00000002,2.897957
1500591338657,33957782,225.75000808,0.207343
1500591338657,33957782,225.75000807,3.077135
1500591339406,33957783,225.75000809,0.615789
1500591339406,33957783,225.75000806,0.0
1500591339417,33957784,225.7500081,3.077135
1500591339417,33957784,225.75000807,0.0
1500591339580,33957785,225.7500081,3.284478
1500591339580,33957785,225.75000808,0.0
1500591339752,33957787,225.7500081,3.077135
1500591339752,33957787,225.75000811,0.207343
1500591340453,33957788,225.75000812,0.615789
1500591340453,33957788,225.75000809,0.0
1500591340463,33957789,225.7500081,0.0
1500591340463,33957789,225.75000813,3.077135
1500591340623,33957790,225.75000811,0.0
1500591340623,33957790,225.75000813,3.284478
1500591340799,33957792,225.75000814,0.207343
1500591340799,33957792,225.75000813,3.077135
1500591341497,33957793,225.75000812,0.0
1500591341497,33957793,225.75000815,0.615789
1500591341559,33957794,225.75000816,3.077135
1500591341559,33957794,225.75000813,0.0
1500591341714,33957795,225.75000816,3.284478
1500591341714,33957795,225.75000814,0.0
1500591341911,33957797,225.75000816,3.077135
1500591341911,33957797,225.75000817,0.207343
1500591342699,33957798,223.38579483,0.0
1500591342699,33957798,223.20225495,104.883842
1500591343262,33957799,225.1,11.5318
1500591343373,33957800,225.75000818,0.615789
1500591343373,33957800,225.75000815,0.0
1500591343384,33957801,225.75000816,0.0
1500591343384,33957801,225.75000819,3.077135
1500591343542,33957803,225.75000819,3.284478
1500591343542,33957803,225.75000817,0.0
1500591343715,33957805,225.75000819,3.077135
1500591343715,33957805,225.7500082,0.207343
1500591343983,33957806,222.46185283,112.844565
1500591343983,33957806,222.68942365,0.0
1500591344451,33957807,223.21040667,24.860288
1500591344451,33957807,223.70506421,0.0
1500591345374,33957811,225.75000818,0.0
1500591345374,33957811,225.75000821,0.615789
1500591345395,33957812,225.75000819,0.0
1500591345395,33957812,225.75000822,3.077135
1500591345586,33957814,225.75000822,3.284478
1500591345586,33957814,225.7500082,0.0
1500591345761,33957816,225.75000822,3.077135
1500591345761,33957816,225.75000823,0.207343
1500591345933,33957817,225.75000823,0.0
1500591346534,33957819,223.20225495,0.0
1500591346534,33957819,222.98716197,104.985013
1500591347363,33957821,225.75000823,0.615789
1500591347363,33957821,225.75000821,0.0
1500591347658,33957823,225.75000822,0.0
1500591347658,33957823,225.75000824,3.077135
1500591348168,33957827,225.75000824,0.71399
1500591348240,33957828,225.75000824,0.0
1500591348240,33957828,225.71000001,3.077135
1500591348255,33957829,225.71000001,0.0
1500591348255,33957829,225.75000824,3.077135
1500591348334,33957830,223.21040667,0.0
1500591348334,33957830,223.65173093,24.811232
1500591348738,33957831,225.75000824,2.454255
1500591348791,33957832,225.75000824,0.0
1500591348791,33957832,225.71000001,3.077135
1500591348854,33957833,225.71000001,0.0
1500591348854,33957833,225.75000824,3.077135
1500591349533,33957838,223.3264781,104.825502
1500591349533,33957838,222.98716197,0.0
1500591350413,33957840,223.65173093,0.0
1500591350413,33957840,223.42313998,24.836618
1500591350850,33957843,225.75000824,0.0
1500591350850,33957843,225.75000823,0.0
1500591350850,33957843,225.71,16.662377
1500591351408,33957845,225.71000001,2.93684
1500591353385,33957848,223.20847364,24.860504
1500591353385,33957848,223.42313998,0.0
1500591353532,33957849,222.98320532,104.986876
1500591353532,33957849,223.3264781,0.0
1500591355052,33957860,222.46185283,0.0
1500591355052,33957860,222.83864479,112.653759
1500591356361,33957864,223.20847366,5.205402
1500591356361,33957864,223.76977963,0.0
1500591356839,33957867,225.71000001,1.574531
1500591357597,33957871,222.59949773,105.167848
1500591357597,33957871,222.98320532,0.0
1500591359010,33957876,222.51067431,112.819806
1500591359010,33957876,222.83864479,0.0
1500591359386,33957877,171.1,90.0
1500591359457,33957878,171.1,70.0
1500591361087,33957885,222.60459773,0.55152
1500591361230,33957886,222.60459773,0.0
1500591361431,33957888,223.67752851,24.808371
1500591361431,33957888,223.20847364,0.0
1500591361536,33957891,222.59949773,0.0
1500591361536,33957891,223.56534909,104.7135
1500591362866,33957898,223.1,0.0
1500591364376,33957904,223.57734909,2.0961
1500591364873,33957907,225.71000001,0.917619
1500591364936,33957908,223.57654909,2.28861
1500591366578,33957915,223.57734909,0.0
1500591368061,33957920,223.57654909,0.0
1500591368139,33957921,223.57364909,1.78206
1500591369396,33957925,224.10001,1.515001
1500591369518,33957927,223.56754909,3.2745
1500591370552,33957932,223.19684315,104.886386
1500591370552,33957932,223.56534909,0.0
1500591371583,33957938,211.63,0.0
1500591371583,33957938,210.04,46.66
1500591371584,33957940,223.57364909,0.0
1500591371703,33957941,223.56754909,0.0
1500591372701,33957945,223.67752851,0.0
1500591372701,33957945,224.21546241,24.748851
1500591374156,33957952,185,7.820348
1500591375624,33957957,222.9905628,104.983412
1500591375624,33957957,223.19684315,0.0
1500591376606,33957959,223.0099,0.51066
1500591377460,33957963,223.0099,0.0
1500591379624,33957969,223.20238527,104.883781
1500591379624,33957969,222.9905628,0.0
1500591381544,33957974,223.20238527,0.0
1500591381544,33957974,223.44428895,104.770233
1500591381607,33957975,223.45628895,0.47335
1500591382791,33957977,223.45628895,0.0
1500591383541,33957982,223.44428895,0.0
1500591383541,33957982,223.13837404,104.913869
1500591386355,33957989,223.79284315,24.795588
1500591386355,33957989,224.21546241,0.0
1500591386566,33957993,223.13837404,0.0
1500591386566,33957993,223.33730202,104.820422
1500591389591,33958000,223.33730204,5.2024
1500591389591,33958000,223.20847366,0.0
1500591390151,33958002,222.72495124,113.727329
1500591390151,33958002,222.51067431,0.0
1500591390575,33958005,223.65122474,104.673293
1500591390575,33958005,223.33730202,0.0
1500591391330,33958010,223.79284315,0.0
1500591391330,33958010,224.25041741,24.744993
1500591394125,33958018,225.00000001,41.725275
1500591394965,33958022,222.72495124,0.0
1500591394965,33958022,222.94301219,113.616092
1500591397499,33958029,211.6,0.0
1500591397499,33958029,209.94,54.22
1500591398943,33958037,223.65122474,0.0
1500591398943,33958037,223.34831772,104.815252
1500591401984,33958044,221.7671,0.0
1500591402375,33958048,220.0084,127.844
1500591402567,33958049,223.1460822,104.910245
1500591402567,33958049,223.34831772,0.0
1500591403493,33958050,223.70043051,24.805831
1500591403493,33958050,224.25041741,0.0
1500591413446,33958074,223.51524666,24.826383
1500591413446,33958074,223.70043051,0.0
1500591417560,33958083,225.71000001,0.0
1500591417560,33958083,225.71,1.579996
1500591419939,33958087,223.1460822,0.0
1500591419939,33958087,222.96532568,104.995295
1500591422976,33958095,223.33730204,0.0
1500591422976,33958095,223.51524668,5.198258
1500591425105,33958099,222.75474703,113.712117
1500591425105,33958099,222.94301219,0.0
1500591428373,33958110,223.29517955,24.85085
1500591428373,33958110,223.51524666,0.0
1500591430607,33958117,222.77443148,105.085265
1500591430607,33958117,222.96532568,0.0
1500591435703,33958132,225.10001,0.0
1500591436579,33958133,222.59377541,105.170552
1500591436579,33958133,222.77443148,0.0
1500591439371,33958140,223.01991112,24.881523
1500591439371,33958140,223.29517955,0.0
1500591440567,33958145,222.82213259,105.062769
1500591440567,33958145,222.59377541,0.0
1500591441039,33958147,222.75474703,0.0
1500591441039,33958147,222.50365892,113.840438
1500591441882,33958152,223.01991114,2.910693
1500591441882,33958152,224.00000002,0.0
1500591441992,33958154,225.1,9.961796
1500591441992,33958154,225.5,0.0
1500591441992,33958154,225.70010103,0.0
1500591441992,33958154,225.71,0.0
1500591442166,33958155,225.10000001,0.207343
1500591442645,33958157,222.82213259,0.0
1500591442645,33958157,222.60036192,105.16744
1500591443009,33958158,225.10010001,0.2
1500591443181,33958160,225.10010002,0.207343
1500591443181,33958160,225.10000001,0.0
1500591443400,33958164,223.01991112,0.0
1500591443400,33958164,223.44439473,24.834255
1500591444375,33958166,224.100001,1.013134
1500591445148,33958169,225.11010002,4.7
1500591445329,33958170,225.10010002,0.0
1500591452080,33958191,222.0278877,114.08438
1500591452080,33958191,222.50365892,0.0
1500591454068,33958198,225.11010002,0.0
1500591456128,33958203,223.00000002,5.210269
1500591456128,33958203,223.51524668,0.0
1500591458562,33958210,223.44439475,2.905163
1500591458562,33958210,223.01991114,0.0
1500591459898,33958213,209.08,36.75
1500591459898,33958213,211.14,0.0
1500591466349,33958232,223.07063543,24.875865
1500591466349,33958232,223.44439473,0.0
1500591466531,33958234,222.07114169,105.418065
1500591466531,33958234,222.60036192,0.0
1500591470331,33958246,222.53280362,24.935987
1500591470331,33958246,223.07063543,0.0
1500591472566,33958253,222.07114169,0.0
1500591472566,33958253,222.27956265,105.31922
1500591474545,33958256,223.01402599,24.88218
1500591474545,33958256,222.53280362,0.0
1500591477038,33958260,223.01402601,2.910769
1500591477038,33958260,223.44439475,0.0
1500591478349,33958263,222.50445672,24.939164
1500591478349,33958263,223.01402599,0.0
1500591481397,33958271,225.00000001,0.0
1500591482972,33958274,222.0278877,0.0
1500591482972,33958274,222.27364075,113.958244
1500591486635,33958285,225,20.86939
1500591486635,33958285,225.10010001,0.0
1500591486635,33958285,225.01,0.0
1500591486635,33958285,225.1,0.0
1500591490590,33958288,222.66559595,105.136629
1500591490590,33958288,222.27956265,0.0
1500591491512,33958292,222.50445672,0.0
1500591491512,33958292,223.17202389,24.864564
1500591495233,33958307,223.17202391,2.908709
1500591495233,33958307,223.01402601,0.0
1500591495501,33958308,223.17202389,0.0
1500591495501,33958308,223.48801967,24.829407
1500591498025,33958312,222.45773117,113.863941
1500591498025,33958312,222.27364075,0.0
1500591500474,33958321,223.48801967,0.0
1500591500474,33958321,223.05433108,24.877684
1500591502350,33958323,223.05433108,0.0
1500591502350,33958323,223.26105839,24.854648
1500591510379,33958332,223.26105839,0.0
1500591510379,33958332,223.00862828,24.882782
1500591511504,33958335,225,19.098484
1500591512014,33958338,223.17202391,0.0
1500591512014,33958338,224.00000002,2.897957
1500591514442,33958339,223.21083661,24.860241
1500591514442,33958339,223.00862828,0.0
1500591514608,33958341,222.66559595,0.0
1500591514608,33958341,222.8599179,105.044955
1500591518076,33958349,222.10407016,114.045249
1500591518076,33958349,222.45773117,0.0
1500591518371,33958352,222.94724218,24.889633
1500591518371,33958352,223.21083661,0.0
1500591518580,33958354,222.8599179,0.0
1500591518580,33958354,222.64495311,105.146377
1500591522513,33958360,223.19668414,24.861817
1500591522513,33958360,222.94724218,0.0
1500591523087,33958363,216.8791,0.0
1500591523540,33958364,215.0447,127.844
1500591523905,33958366,223.00000002,0.0
1500591523905,33958366,223.19668416,5.205677
1500591526534,33958367,222.41110986,105.256928
1500591526534,33958367,222.64495311,0.0
1500591527243,33958371,221.90759784,114.146222
1500591527243,33958371,222.10407016,0.0
1500591528603,33958376,223.19668416,8.114064
1500591528603,33958376,224.00000002,0.0
1500591530625,33958380,222.75788012,105.093073
1500591530625,33958380,222.41110986,0.0
1500591532664,33958383,225,0.0
1500591532664,33958383,224.97480002,0.095274
1500591532845,33958388,224.10001001,0.207343
1500591533357,33958394,223.19668414,0.0
1500591533357,33958394,222.05696315,24.989422
1500591534021,33958402,210.91,0.0
1500591534021,33958402,208.84,20.08
1500591534538,33958411,222.75788012,0.0
1500591534538,33958411,222.49289564,105.218237
1500591537370,33958436,223.17656815,24.864058
1500591537370,33958436,222.05696315,0.0
1500591539574,33958442,222.49289564,0.0
1500591539574,33958442,222.81417415,105.066521
1500591540050,33958444,222.09602299,114.049381
1500591540050,33958444,221.90759784,0.0
1500591542335,33958453,223.17656815,0.0
1500591542335,33958453,222.03958842,24.991377
1500591544552,33958460,221.57437297,105.654412
1500591544552,33958460,222.81417415,0.0
1500591544906,33958462,223.19668416,5.205677
1500591544906,33958462,223.00000002,2.910952
1500591546330,33958465,222.03958842,0.0
1500591546330,33958465,222.88331361,24.896772
1500591546575,33958468,221.57437297,0.0
1500591546575,33958468,222.34527578,105.288093
1500591548014,33958473,221.82560181,114.188415
1500591548014,33958473,222.09602299,0.0
1500591548955,33958477,210,34.01782
1500591551366,33958482,222.88331361,0.0
1500591551366,33958482,221.94670667,25.001836
1500591552564,33958488,222.34527578,0.0
1500591552564,33958488,221.92893983,105.485612
1500591552965,33958489,221.82560181,0.0
1500591552965,33958489,222.07979542,114.057714
1500591555980,33958495,223.19668416,0.0
1500591555980,33958495,222.50000002,5.221977
1500591559216,33958503,222.07979542,0.0
1500591559216,33958503,220.84599586,114.69492
1500591559601,33958505,208.61,48.85
1500591559601,33958505,210.66,0.0
1500591559964,33958506,224.97480002,0.0
1500591561058,33958511,224.10011001,0.2
1500591561255,33958512,224.10011002,0.207343
1500591561255,33958512,224.10001001,0.0
1500591561695,33958516,221.69490752,105.596968
1500591561695,33958516,221.92893983,0.0
1500591562581,33958518,223.00000002,0.0
1500591562581,33958518,222.22222222,2.921141
1500591562815,33958520,224.10011002,0.0
1500591565141,33958525,221.0971243,114.564647
1500591565141,33958525,220.84599586,0.0
1500591569554,33958535,221.69490752,0.0
1500591569554,33958535,221.87709576,105.51026
1500591579376,33958561,224.10001001,0.14
1500591586532,33958579,221.87709576,0.0
1500591586532,33958579,222.38690177,105.268386
1500591587091,33958581,210.61,0.0
1500591587091,33958581,208.36,29.69
1500591587830,33958585,222.50000002,0.0
1500591587830,33958585,221.94670669,5.234995
1500591592804,33958596,224.10011002,0.207343
1500591598595,33958609,222.22222222,0.0
1500591598595,33958609,222.38690179,2.918978
1500591603126,33958620,222.08471331,105.411623
1500591603126,33958620,222.38690177,0.0
1500591604982,33958625,224.10011202,0.8
1500591604994,33958626,224.10011203,0.14
1500591604994,33958626,224.10001001,0.0
1500591605164,33958627,224.10011203,0.347343
1500591605164,33958627,224.10011002,0.0
1500591605257,33958629,222.09071331,0.28682
1500591605648,33958632,224.10011204,0.207343
1500591605648,33958632,224.10011203,0.14
1500591605820,33958633,224.10011204,0.0
1500591605820,33958633,224.10011203,0.347343
1500591606346,33958634,224.10011204,0.207343
1500591606346,33958634,224.10011203,0.14
1500591606521,33958636,224.10011204,0.0
1500591606521,33958636,224.10011203,0.347343
1500591606573,33958637,222.08471331,0.0
1500591606573,33958637,222.33657769,105.292212
1500591606682,33958638,222.39680179,0.25739
1500591608787,33958646,224.10011204,0.207343
1500591608787,33958646,224.10011203,0.14
1500591608961,33958647,224.10011204,0.0
1500591608961,33958647,224.10011203,0.347343
1500591610700,33958651,224.10011204,0.207343
1500591610700,33958651,224.10011203,0.14
1500591611201,33958652,221.0971243,0.0
1500591611201,33958652,221.27573377,114.520286
1500591611349,33958653,224.10011204,0.0
1500591611349,33958653,224.10011203,0.347343
1500591611459,33958654,222.09071331,0.0
1500591612345,33958656,222.39680179,0.0
1500591612429,33958658,224.10011204,0.207343
1500591612429,33958658,224.10011203,0.14
1500591612600,33958661,224.10011204,0.0
1500591612600,33958661,224.10011203,0.347343
1500591613624,33958662,221.73564708,25.025634
1500591613624,33958662,221.94670667,0.0
1500591613666,33958663,210.5,0.0
1500591613666,33958663,208.25,55.56
1500591614804,33958670,224.10011204,0.207343
1500591614804,33958670,224.10011203,0.14
1500591614832,33958672,222.33657769,0.0
1500591614832,33958672,221.82845112,105.533398
1500591614979,33958674,224.10011204,0.0
1500591614979,33958674,224.10011203,0.347343
1500591615334,33958676,205.59,41.95
1500591615334,33958676,210.44,0.0
1500591615502,33958677,222.38690179,0.0
1500591615502,33958677,222.22222222,2.921141
1500591616350,33958681,224.10011204,0.207343
1500591616350,33958681,224.10011203,0.14
1500591616527,33958684,224.10011204,0.0
1500591616527,33958684,224.10011203,0.347343
1500591617266,33958686,224.10011202,0.0
1500591617450,33958687,224.10011002,0.207343
1500591617450,33958687,224.10011203,0.14
1500591617966,33958691,221.5167706,114.395675
1500591617966,33958691,221.27573377,0.0
1500591618577,33958692,221.82845112,0.0
1500591618577,33958692,222.46098083,105.233331
1500591618858,33958693,222.5104,6.51792
1500591619173,33958696,224.10011204,0.207343
1500591619173,33958696,224.10011002,0.0
1500591619982,33958700,224.10011001,0.0
1500591619982,33958700,224.10011203,0.0
1500591619982,33958700,224.10011204,0.0
1500591619982,33958700,224.10001,0.004559
1500591621704,33958707,224.10000101,0.317635
1500591621743,33958710,222.508,14.16947
1500591622019,33958711,222.5104,0.0
1500591622142,33958712,222.5157,11.83053
1500591622662,33958713,221.94670669,0.0
1500591622662,33958713,221.7356471,5.239978
1500591623380,33958716,222.67495207,24.920069
1500591623380,33958716,221.73564708,0.0
1500591624074,33958719,221.72227427,114.289647
1500591624074,33958719,221.5167706,0.0
1500591624753,33958722,222.46098083,0.0
1500591624753,33958722,222.22128881,105.346838
1500591627332,33958728,223.08856879,24.873866
1500591627332,33958728,222.67495207,0.0
1500591628590,33958733,222.6053212,105.165097
1500591628590,33958733,222.22128881,0.0
1500591629804,33958739,222.508,0.0
1500591629940,33958743,222.5157,0.0
1500591629973,33958744,224.01,0.36562
1500591630051,33958745,224.100012,0.8
1500591630062,33958746,224.10001201,2.96776
1500591630062,33958746,224.10000101,0.0
1500591630068,33958747,222.6134212,1.4512
1500591630145,33958748,222.6134212,0.0
1500591630213,33958749,222.6100212,1.45018
1500591630594,33958750,224.10001202,0.619714
1500591630617,33958751,224.10001201,0.0
1500591630617,33958751,224.10001203,2.96776
1500591630702,33958752,222.6100212,0.0
1500591630968,33958753,224.11001203,4.7
1500591630985,33958754,224.10001203,0.0
1500591630985,33958754,224.11001204,2.96776
1500591631140,33958755,224.12,0.36562
1500591631140,33958755,224.01,0.0
1500591632000,33958758,221.53094181,114.388357
1500591632000,33958758,221.72227427,0.0
1500591632386,33958759,222.22222222,0.0
1500591632386,33958759,222.70000002,2.914874
1500591632593,33958761,224.10001202,0.0
1500591632593,33958761,224.12000001,0.619714
1500591632696,33958763,224.11001204,0.0
1500591632696,33958763,224.12000002,2.96776
1500591632908,33958765,224.12,0.0
1500591632908,33958765,224.13,0.36562
1500591633264,33958767,175.5,5.0
1500591633331,33958768,222.16333865,24.977456
1500591633331,33958768,223.08856879,0.0
1500591634405,33958776,224.12,0.36562
1500591634405,33958776,224.13,0.0
1500591634582,33958778,222.6079212,0.41928
1500591634602,33958779,224.11001203,0.0
1500591634607,33958780,224.12000003,0.619714
1500591634607,33958780,224.12000001,0.0
1500591634621,33958781,224.12000004,2.96776
1500591634621,33958781,224.12000002,0.0
1500591634717,33958782,222.6118212,0.96408
1500591634822,33958783,222.6118212,0.0
1500591634998,33958784,222.6163212,0.96848
1500591635156,33958785,220.001,0.0
1500591636582,33958787,224.12000005,0.619714
1500591636582,33958787,224.12000003,0.0
1500591636595,33958788,224.12000004,0.0
1500591636595,33958788,224.12000006,2.96776
1500591636865,33958789,224.12,0.0
1500591636865,33958789,224.01,0.36562
1500591637265,33958791,222.6079212,0.0
1500591637396,33958792,224.13000006,4.7
1500591637397,33958793,222.6163212,0.0
1500591637422,33958794,224.12000006,0.0
1500591637422,33958794,224.13000007,2.96776
1500591637570,33958795,222.22518434,105.344991
1500591637570,33958795,222.6053212,0.0
1500591638204,33958799,224.14,0.36562
1500591638204,33958799,224.01,0.0
1500591638594,33958802,224.12000005,0.0
1500591638594,33958802,224.14000001,0.619714
1500591638605,33958803,224.13000007,0.0
1500591638605,33958803,224.14000002,2.96776
1500591639855,33958805,224.15,0.36562
1500591639855,33958805,224.14,0.0
1500591640184,33958808,224.13000006,0.0
1500591640371,33958809,222.51716187,24.93774
1500591640371,33958809,222.16333865,0.0
1500591640470,33958810,224.15000001,0.619714
1500591640470,33958810,224.14000001,0.0
1500591640482,33958811,224.14000002,0.0
1500591640482,33958811,224.15000002,3.125503
1500591641537,33958813,222.22518434,0.0
1500591641537,33958813,221.82411903,105.535459
1500591641538,33958814,224.15,0.0
1500591641538,33958814,224.01,0.36562
1500591641830,33958817,224.100012,0.0
1500591642047,33958818,221.2860364,114.514954
1500591642047,33958818,221.53094181,0.0
1500591642468,33958819,224.15000001,0.0
1500591642468,33958819,224.15000003,0.619714
1500591642479,33958820,224.15000002,0.0
1500591642479,33958820,224.15000004,3.125503
1500591642651,33958822,224.16,0.36562
1500591642651,33958822,224.01,0.0
1500591643109,33958825,224.17,4.7
1500591643128,33958826,224.17000001,3.125503
1500591643128,33958826,224.15000004,0.0
1500591644147,33958829,224.16,0.0
1500591644147,33958829,224.01,0.36562
1500591644478,33958833,221.94807582,25.001681
1500591644478,33958833,222.51716187,0.0
1500591644555,33958834,224.17000002,0.619714
1500591644555,33958834,224.15000003,0.0
1500591644565,33958835,224.17000001,0.0
1500591644565,33958835,224.17000003,3.125503
1500591645533,33958837,221.82411903,0.0
1500591645533,33958837,222.1778739,105.367424
1500591646617,33958839,224.17,0.0
1500591646645,33958840,224.17000002,0.0
1500591646645,33958840,224.17000004,0.619714
1500591646662,33958841,224.17000003,0.0
1500591646662,33958841,224.17000005,3.125503
1500591647688,33958844,224.17000006,0.619714
1500591647688,33958844,224.17000004,0.0
1500591647698,33958845,224.17000007,3.125503
1500591647698,33958845,224.17000005,0.0
1500591647750,33958846,222.2276222,14.22341
1500591648371,33958848,222.52854656,24.936464
1500591648371,33958848,221.94807582,0.0
1500591649662,33958849,222.1778739,0.0
1500591649662,33958849,222.63950013,105.148952
1500591649983,33958851,222.70590002,11.77659
1500591650805,33958853,222.2276222,0.0
1500591651374,33958855,223.25776656,24.855015
1500591651374,33958855,222.52854656,0.0
1500591653649,33958858,208.01,65.51
1500591653649,33958858,210.24,0.0
1500591653798,33958860,222.70590002,0.0
1500591654367,33958863,220.99720493,279.389335
1500591654588,33958864,224.17000008,0.619714
1500591654588,33958864,224.17000006,0.0
1500591654598,33958865,224.17000009,3.125503
1500591654598,33958865,224.17000007,0.0
1500591654626,33958866,222.90679694,105.022864
1500591654626,33958866,222.63950013,0.0
1500591654798,33958867,224.1700001,0.619714
1500591654798,33958867,224.17000008,0.0
1500591654807,33958868,224.17000011,3.125503
1500591654807,33958868,224.17000009,0.0
1500591654815,33958869,224.17000207,0.8
1500591654823,33958870,224.17000208,3.125503
1500591654823,33958870,224.17000011,0.0
1500591655013,33958872,224.1700001,0.0
1500591655013,33958872,224.17000209,0.619714
1500591655024,33958873,224.17000208,0.0
1500591655024,33958873,224.1700021,3.125503
1500591655146,33958874,208.01,0.0
1500591655329,33958875,222.22222222,5.228505
1500591655329,33958875,221.7356471,0.0
1500591655536,33958876,224.17000211,0.619714
1500591655536,33958876,224.17000209,0.0
1500591655552,33958877,224.1700021,0.0
1500591655552,33958877,224.17000212,3.125503
1500591655665,33958881,222.91799694,23.05492
1500591655721,33958882,223.2677,0.36562
1500591655721,33958882,224.01,0.0
1500591657513,33958883,224.17000211,0.0
1500591657513,33958883,224.17000213,0.619714
1500591657524,33958884,224.17000214,3.125503
1500591657524,33958884,224.17000212,0.0
1500591659300,33958886,221.49288779,114.408009
1500591659300,33958886,221.2860364,0.0
1500591659498,33958888,224.17000215,0.619714
1500591659498,33958888,224.17000213,0.0
1500591659508,33958889,224.17000216,3.125503
1500591659508,33958889,224.17000214,0.0
1500591660547,33958893,224.17000215,0.0
1500591660547,33958893,224.17000217,0.619714
1500591660556,33958894,224.17000218,3.125503
1500591660556,33958894,224.17000216,0.0
1500591662537,33958896,224.17000217,0.0
1500591662537,33958896,224.17000219,0.619714
1500591662547,33958897,224.17000218,0.0
1500591662547,33958897,224.1700022,3.125503
1500591663574,33958899,222.77035489,24.909396
1500591663574,33958899,223.25776656,0.0
1500591663748,33958900,222.9279,0.36562
1500591663748,33958900,223.2677,0.0
1500591663841,33958901,222.9302,2.00955
1500591664529,33958904,224.17000219,0.0
1500591664529,33958904,224.17000221,0.619714
1500591664539,33958905,224.17000222,3.125503
1500591664539,33958905,224.1700022,0.0
1500591664750,33958906,222.91799694,0.0
1500591664808,33958907,221.21927751,279.108868
1500591664808,33958907,220.99720493,0.0
1500591664891,33958908,222.9399,23.00749
1500591664919,33958909,222.9279,0.0
1500591664919,33958909,222.9167,0.36562
1500591665814,33958913,222.9399,0.0
1500591665916,33958914,222.9302,0.0
1500591666446,33958915,222.77035491,2.913953
1500591666446,33958915,222.70000002,0.0
1500591666526,33958916,224.17000221,0.0
1500591666526,33958916,224.17000223,0.619714
1500591666536,33958917,224.17000222,0.0
1500591666536,33958917,224.17000224,3.125503
1500591667171,33958919,221.12606356,114.5978
1500591667171,33958919,221.49288779,0.0
1500591668588,33958923,224.17000223,0.0
1500591668588,33958923,224.17000225,0.619714
1500591668589,33958924,222.51080352,105.209769
1500591668589,33958924,222.90679694,0.0
1500591668599,33958925,224.17000226,3.125503
1500591668599,33958925,224.17000224,0.0
1500591668758,33958926,222.9167,0.0
1500591668758,33958926,222.7803,0.36562
1500591669662,33958929,224.17000227,0.619714
1500591669662,33958929,224.17000225,0.0
1500591669687,33958930,224.17000228,3.125503
1500591669687,33958930,224.17000226,0.0
1500591670362,33958933,224.17000207,0.0
1500591670554,33958936,222.51080352,0.0
1500591670554,33958936,222.30584073,105.30677
1500591670711,33958938,224.17000227,0.0
1500591670711,33958938,224.17000229,0.619714
1500591670722,33958939,224.17000228,0.0
1500591670722,33958939,224.1700023,3.092154
1500591671495,33958941,224.17000426,0.8
1500591671505,33958942,224.17000427,3.092154
1500591671505,33958942,224.1700023,0.0
1500591671633,33958943,224.17000229,0.0
1500591671633,33958943,224.17000428,0.619714
1500591671648,33958944,224.17000427,0.0
1500591671648,33958944,224.17000429,3.092154
1500591672290,33958946,215.12,3.1
1500591673520,33958950,224.17000428,0.0
1500591673520,33958950,224.1700043,0.619714
1500591673532,33958951,224.17000429,0.0
1500591673532,33958951,224.17000431,3.092154
1500591673677,33958953,221.21927751,0.0
1500591673677,33958953,221.45122302,278.816533
1500591675510,33958958,224.17000432,0.619714
1500591675510,33958958,224.1700043,0.0
1500591675519,33958959,224.17000431,0.0
1500591675519,33958959,224.17000433,3.092154
1500591677508,33958961,224.17000434,0.619714
1500591677508,33958961,224.17000432,0.0
1500591677522,33958962,224.17000435,3.092154
1500591677522,33958962,224.17000433,0.0
1500591678651,33958964,224.17000434,0.0
1500591678651,33958964,224.17000436,0.619714
1500591678663,33958965,224.17000437,3.092154
1500591678663,33958965,224.17000435,0.0
1500591679464,33958967,210.2,0.0
1500591679464,33958967,208.22,76.24
1500591680532,33958968,224.17000436,0.0
1500591680532,33958968,224.17000438,0.619714
1500591680533,33958969,222.30584073,0.0
1500591680533,33958969,222.06395056,105.421479
1500591680543,33958970,224.17000437,0.0
1500591680543,33958970,224.17000439,3.092154
1500591680812,33958972,206.32,22.49
1500591680812,33958972,210.08,0.0
1500591682413,33958974,224.1700044,0.619714
1500591682413,33958974,224.17000438,0.0
1500591682430,33958975,224.17000441,3.092154
1500591682430,33958975,224.17000439,0.0
1500591682475,33958976,222.07455056,2.88834
1500591682876,33958978,222.50000002,2.917494
1500591682876,33958978,222.77035491,0.0
1500591682983,33958979,222.07455056,0.0
1500591683095,33958980,222.06765056,6.93736
1500591683175,33958981,222.07955056,2.7465
1500591683458,33958982,224.17000426,0.0
1500591683555,33958983,224.1700044,0.0
1500591683555,33958983,224.17000442,0.619714
1500591683569,33958984,224.17000443,3.092154
1500591683569,33958984,224.17000441,0.0
1500591683848,33958986,222.06955056,11.88764
1500591685203,33958987,220.87501679,120.282798
1500591685203,33958987,221.12606356,0.0
1500591685525,33958989,222.77035489,0.0
1500591685525,33958989,222.3890839,24.952102
1500591685544,33958990,224.17000442,0.0
1500591685544,33958990,224.17000444,0.619714
1500591685562,33958991,224.17000443,0.0
1500591685562,33958991,224.17000445,3.092154
1500591685737,33958992,222.51,0.36562
1500591685737,33958992,222.7803,0.0
1500591686577,33958995,215.12,0.0
1500591687538,33958998,224.17000446,0.619714
1500591687538,33958998,224.17000444,0.0
1500591687553,33958999,224.17000445,0.0
1500591687553,33958999,224.17000447,3.092154
1500591688586,33959001,224.17000448,0.619714
1500591688586,33959001,224.17000446,0.0
1500591688607,33959002,224.17000449,3.092154
1500591688607,33959002,224.17000447,0.0
1500591688749,33959003,222.22222222,0.0
1500591688749,33959003,221.45122304,5.246708
1500591690575,33959007,224.17000448,0.0
1500591690575,33959007,224.1700045,0.619714
1500591690596,33959008,224.17000451,3.092154
1500591690596,33959008,224.17000449,0.0
1500591692443,33959011,224.17000452,0.619714
1500591692443,33959011,224.1700045,0.0
1500591692457,33959012,224.17000453,3.092154
1500591692457,33959012,224.17000451,0.0
1500591693611,33959013,224.17000454,0.619714
1500591693611,33959013,224.17000452,0.0
1500591693692,33959014,224.17000453,0.0
1500591693692,33959014,224.17000455,3.092154
1500591694325,33959016,220.63062754,120.416034
1500591694325,33959016,220.87501679,0.0
1500591694641,33959017,224.17000454,0.0
1500591694641,33959017,224.17000456,0.619714
1500591694655,33959018,224.17000455,0.0
1500591694655,33959018,224.17000457,3.092154
1500591694978,33959020,223.00000001,3.092154
1500591694978,33959020,224.17000457,0.0
1500591695150,33959023,223.01,0.36562
1500591695150,33959023,222.51,0.0
1500591695163,33959025,223.00000001,0.0
1500591695163,33959025,223.01000001,3.092154
1500591695586,33959027,224.17000456,0.0
1500591695833,33959029,224.10001,0.0
1500591696583,33959032,222.353922,105.283999
1500591696583,33959032,222.06395056,0.0
1500591696655,33959033,222.06765056,0.0
1500591696864,33959034,222.06955056,0.0
1500591696864,33959035,223.01,0.0
1500591696864,33959035,223.02,0.36562
1500591696868,33959037,224.100001,0.0
1500591696882,33959038,223.01000001,0.0
1500591696882,33959038,223.02000001,3.092154
1500591697060,33959040,222.07955056,0.0
1500591697062,33959041,224.00000001,0.620988
1500591697277,33959043,222.3953839,4.4285
1500591697355,33959044,222.3974839,21.5715
1500591697363,33959045,222.3890839,0.0
1500591697363,33959045,222.64832594,24.923049
1500591698592,33959048,223.02,0.0
1500591698592,33959048,223.03,0.36562
1500591698602,33959050,223.02000001,0.0
1500591698602,33959050,223.03000001,3.092154
1500591699038,33959052,222.50000002,0.0
1500591699038,33959052,221.45122304,8.178019
1500591699484,33959053,222.39932691,24.950953
1500591699484,33959053,222.64832594,0.0
1500591699784,33959054,223.04,0.36562
1500591699784,33959054,223.03,0.0
1500591699796,33959056,223.03000001,0.0
1500591699796,33959056,223.04000001,3.084939
1500591700088,33959058,221.02609027,120.200584
1500591700088,33959058,220.63062754,0.0
1500591701255,33959059,222.353922,0.0
1500591701255,33959059,221.84786981,105.52416
1500591701353,33959061,224.00000002,3.084939
1500591701353,33959061,223.04000001,0.0
1500591701430,33959063,223.05,0.36562
1500591701430,33959063,223.04,0.0
1500591701556,33959066,224.00000003,0.620988
1500591701556,33959066,224.00000001,0.0
1500591701566,33959067,224.00000004,3.084939
1500591701566,33959067,224.00000002,0.0
1500591701758,33959070,224.00000003,0.0
1500591701758,33959070,224.00000005,0.620988
1500591701769,33959071,224.00000004,0.0
1500591701769,33959071,224.00000006,3.084939
1500591701983,33959073,224.00000007,0.620988
1500591701983,33959073,224.00000005,0.0
1500591701992,33959074,224.00000008,3.084939
1500591701992,33959074,224.00000006,0.0
1500591702179,33959075,224.00000007,0.0
1500591702179,33959075,224.00000009,0.620988
1500591702191,33959076,224.00000008,0.0
1500591702191,33959076,224.0000001,3.084939
1500591702789,33959077,224.00000009,0.0
1500591702789,33959077,224.00000011,0.620988
1500591702789,33959078,224.00000012,3.084939
1500591702789,33959078,224.0000001,0.0
1500591702938,33959079,222.4093,0.36562
1500591702938,33959079,223.05,0.0
1500591703753,33959081,224.00000013,0.620988
1500591703753,33959081,224.00000011,0.0
1500591703764,33959082,224.00000012,0.0
1500591703764,33959082,224.00000014,3.084939
1500591704579,33959083,224.00000015,0.620988
1500591704579,33959083,224.00000013,0.0
1500591704590,33959084,224.00000016,3.084939
1500591704590,33959084,224.00000014,0.0
1500591705330,33959086,224.1000001,1.017722
1500591705346,33959087,224.00000016,0.0
1500591705346,33959087,224.10000011,3.084939
1500591705627,33959088,224.00000015,0.0
1500591705627,33959088,224.10000012,0.620988
1500591705638,33959089,224.10000011,0.0
1500591705638,33959089,224.10000013,3.084939
1500591706110,33959090,221.02609027,0.0
1500591706110,33959090,221.24795009,120.080051
1500591706567,33959094,224.10000012,0.0
1500591706567,33959094,224.10000014,0.620988
1500591706578,33959095,224.10000013,0.0
1500591706578,33959095,224.10000015,3.084939
1500591706672,33959097,222.3953839,0.0
1500591707047,33959100,222.3974839,0.0
1500591707117,33959101,221.85306981,16.02947
1500591707164,33959102,224.01,0.36562
1500591707164,33959102,222.4093,0.0
1500591707204,33959103,221.85306981,0.0
1500591707280,33959104,221.85726981,16.0294
1500591707630,33959106,224.10000016,0.620988
1500591707630,33959106,224.10000014,0.0
1500591707643,33959107,224.10000017,3.084939
1500591707643,33959107,224.10000015,0.0
1500591708589,33959108,224.10000016,0.0
1500591708589,33959108,224.10000018,0.620988
1500591708599,33959109,224.10000019,3.084939
1500591708599,33959109,224.10000017,0.0
1500591708723,33959110,221.85726981,0.0
1500591708828,33959112,221.85806981,16.02936
1500591709035,33959113,224.11000019,4.7
1500591709044,33959114,224.10000019,0.0
1500591709044,33959114,224.1100002,3.084939
1500591709116,33959115,221.85806981,0.0
1500591709183,33959116,221.85006981,15.06243
1500591709514,33959117,224.11000021,0.620988
1500591709514,33959117,224.10000018,0.0
1500591709534,33959118,224.1100002,0.0
1500591709534,33959118,224.11000022,3.084939
1500591710079,33959119,215.12,3.2
1500591710561,33959121,224.11000021,0.0
1500591710561,33959121,224.11000023,0.620988
1500591710578,33959122,224.11000022,0.0
1500591710578,33959122,224.11000024,3.084939
1500591711069,33959123,224.1100022,0.8
1500591711078,33959124,224.11000221,3.084939
1500591711078,33959124,224.11000024,0.0
1500591711155,33959125,221.85006981,0.0
1500591711241,33959126,221.85886981,15.06224
1500591711454,33959128,222.39932691,0.0
1500591711454,33959128,222.66396413,24.921298
1500591711507,33959129,224.11000222,0.620988
1500591711507,33959129,224.11000023,0.0
1500591711520,33959130,224.11000223,3.084939
1500591711520,33959130,224.11000221,0.0
1500591712557,33959131,224.11000222,0.0
1500591712557,33959131,224.11000224,0.620988
1500591712568,33959132,224.11000223,0.0
1500591712568,33959132,224.11000225,3.084939
1500591712858,33959135,222.07463839,105.416406
1500591712858,33959135,221.84786981,0.0
1500591712901,33959136,224.11000019,0.0
1500591713494,33959137,224.11000224,0.0
1500591713494,33959137,224.11000226,0.620988
1500591713544,33959138,224.11000225,0.0
1500591713544,33959138,224.11000227,3.084939
1500591714485,33959140,180.1,7.513539
1500591714528,33959141,224.11000228,0.620988
1500591714528,33959141,224.11000226,0.0
1500591714544,33959142,224.11000229,3.084939
1500591714544,33959142,224.11000227,0.0
1500591714875,33959144,224.81646558,2.380337
1500591715186,33959145,220.0084,0.0
1500591715187,33959146,221.85886981,0.0
1500591715416,33959147,224.12000229,4.7
1500591715423,33959148,222.41109902,24.949632
1500591715423,33959148,222.66396413,0.0
1500591715429,33959149,224.11000229,0.0
1500591715429,33959149,224.1200023,3.084939
1500591715733,33959150,218.87,127.844
1500591715978,33959152,221.24795009,0.0
1500591715978,33959152,220.99292724,120.218621
1500591716038,33959154,222.70000002,2.914874
1500591716038,33959154,221.45122304,5.246708
1500591716523,33959158,224.11000228,0.0
1500591716682,33959159,222.07463839,0.0
1500591716682,33959159,221.78505263,105.554048
1500591717111,33959160,224.81646558,0.0
1500591717182,33959161,221.79165263,26.0
1500591717281,33959162,222.71,0.36562
1500591717281,33959162,224.01,0.0
1500591717667,33959164,224.12000231,0.620312
1500591717677,33959165,224.1200023,0.0
1500591717677,33959165,224.12000232,3.084939
1500591718042,33959167,221.79165263,0.0
1500591718143,33959168,221.79605263,12.46069
1500591719450,33959170,224.12000233,0.620312
1500591719450,33959170,224.12000231,0.0
1500591719461,33959171,224.12000232,0.0
1500591719461,33959171,224.12000234,3.084939
1500591719504,33959172,221.79195263,13.53931
1500591720593,33959174,224.12000233,0.0
1500591720593,33959174,224.12000235,0.620312
1500591720602,33959175,224.12000234,0.0
1500591720602,33959175,224.12000236,3.084939
1500591720768,33959177,221.79605263,0.0
1500591721364,33959178,222.41109902,0.0
1500591721364,33959178,222.2018963,24.973122
1500591721639,33959179,224.12000235,0.0
1500591721639,33959179,224.12000237,0.620312
1500591721648,33959180,224.12000236,0.0
1500591721648,33959180,224.12000238,3.084939
1500591722543,33959184,221.79195265,5.238648
1500591722543,33959184,221.45122304,0.0
1500591722584,33959185,224.12000239,0.620312
1500591722584,33959185,224.12000237,0.0
1500591722596,33959186,224.1200024,3.084939
1500591722596,33959186,224.12000238,0.0
1500591722644,33959187,221.80185265,10.91588
1500591723125,33959188,224.1100022,0.0
1500591723631,33959189,224.12000239,0.0
1500591723631,33959189,224.12000241,0.620312
1500591723642,33959190,224.12000242,3.084939
1500591723642,33959190,224.1200024,0.0
1500591724195,33959192,221.23039318,120.08958
1500591724195,33959192,220.99292724,0.0
1500591724680,33959193,224.12000243,0.620312
1500591724680,33959193,224.12000241,0.0
1500591724694,33959194,224.12000242,0.0
1500591724694,33959194,224.12000244,3.084939
1500591725428,33959195,221.80185265,0.0
1500591725616,33959197,224.12000243,0.0
1500591725616,33959197,224.12000245,0.620312
1500591725625,33959198,224.12000246,3.084939
1500591725625,33959198,224.12000244,0.0
1500591726091,33959199,222.2018963,0.0
1500591726091,33959199,221.94479179,25.002051
1500591726091,33959200,221.79195263,0.0
1500591726620,33959205,221.78505263,0.0
1500591726620,33959205,221.52819383,105.676437
1500591726665,33959206,224.12000247,0.620312
1500591726665,33959206,224.12000245,0.0
1500591726674,33959207,224.12000246,0.0
1500591726674,33959207,224.12000248,3.084939
1500591727595,33959209,224.12000249,0.620312
1500591727595,33959209,224.12000247,0.0
1500591727608,33959210,224.1200025,3.084939
1500591727608,33959210,224.12000248,0.0
1500591728387,33959214,222.71,0.0
1500591728387,33959214,224.13,0.36562
1500591728638,33959215,224.12000249,0.0
1500591728638,33959215,224.13000001,0.620312
1500591728648,33959216,224.13000002,3.084939
1500591728648,33959216,224.1200025,0.0
1500591729456,33959217,220.96856603,120.231875
1500591729456,33959217,221.23039318,0.0
1500591729629,33959219,224.14,0.36562
1500591729629,33959219,224.13,0.0
1500591729682,33959221,224.13000001,0.0
1500591729682,33959221,224.14000001,0.620312
1500591729683,33959222,221.60328702,25.040581
1500591729683,33959222,221.94479179,0.0
1500591729713,33959223,224.14000002,3.084939
1500591729713,33959223,224.13000002,0.0
1500591730627,33959226,224.14000003,0.620312
1500591730627,33959226,224.14000001,0.0
1500591730643,33959227,224.14000002,0.0
1500591730643,33959227,224.14000004,2.900485
1500591730796,33959228,210.04,0.0
1500591730796,33959228,208.22,131.84
1500591730802,33959229,224.13,0.36562
1500591730802,33959229,224.14,0.0
1500591731578,33959231,224.14000005,0.620312
1500591731578,33959231,224.14000003,0.0
1500591731588,33959232,224.14000004,0.0
1500591731588,33959232,224.14000006,2.900485
1500591732430,33959233,205.36,63.16
1500591732430,33959233,209.94,0.0
1500591732603,33959234,224.15,0.36562
1500591732603,33959234,224.13,0.0
1500591732626,33959236,224.14000005,0.0
1500591732626,33959236,224.14000007,0.620312
1500591732635,33959237,224.14000006,0.0
1500591732635,33959237,224.14000008,2.900485
1500591733671,33959238,224.14000007,0.0
1500591733671,33959238,224.15000001,0.620312
1500591733697,33959239,224.14000008,0.0
1500591733697,33959239,224.15000002,2.900485
1500591733866,33959241,224.15,0.0
1500591733866,33959241,224.16,0.36562
1500591734183,33959242,208.22,76.24
1500591734352,33959243,222.01719629,24.993898
1500591734352,33959243,221.60328702,0.0
1500591734617,33959244,224.15000001,0.0
1500591734617,33959244,224.16000001,0.620312
1500591734629,33959245,224.15000002,0.0
1500591734629,33959245,224.16000002,2.900485
1500591735145,33959248,224.16,0.0
1500591735145,33959248,224.17,0.36562
1500591735161,33959250,224.12000229,0.0
1500591735514,33959252,224.18,4.7
1500591735524,33959253,224.18000001,2.900485
1500591735524,33959253,224.16000002,0.0
1500591735549,33959254,221.7487902,105.571309
1500591735549,33959254,221.52819383,0.0
1500591736235,33959255,224.18,0.0
1500591736408,33959256,224.17,0.0
1500591736408,33959256,224.19,0.36562
1500591736491,33959258,224.16000001,0.0
1500591736491,33959258,224.19000001,0.620312
1500591736501,33959259,224.18000001,0.0
1500591736501,33959259,224.19000002,2.900485
1500591738375,33959262,221.45122302,0.0
1500591738376,33959263,220.74455178,120.353888
1500591738376,33959263,220.96856603,0.0
1500591738629,33959264,224.19000001,0.0
1500591738629,33959264,224.19000003,0.620312
1500591738629,33959265,224.01,0.36562
1500591738629,33959265,224.19,0.0
1500591738664,33959267,224.19000004,2.900485
1500591738664,33959267,224.19000002,0.0
1500591738951,33959270,221.60707391,25.040153
1500591738951,33959270,222.01719629,0.0
1500591739184,33959271,224.20000004,4.7
1500591739193,33959272,224.20000005,2.900485
1500591739193,33959272,224.19000004,0.0
1500591739683,33959273,224.19000003,0.0
1500591739683,33959273,224.20000006,0.620312
1500591739694,33959274,224.20000005,0.0
1500591739694,33959274,224.20000007,2.900485
1500591739876,33959276,224.21,0.36562
1500591739876,33959276,224.01,0.0
1500591740591,33959278,224.20000006,0.0
1500591740591,33959278,224.21000001,0.620312
1500591740602,33959279,224.21000002,2.900485
1500591740602,33959279,224.20000007,0.0
1500591741533,33959280,221.29321268,105.78865
1500591741533,33959280,221.7487902,0.0
1500591741635,33959281,224.21000003,0.620312
1500591741635,33959281,224.21000001,0.0
1500591741644,33959282,224.21000002,0.0
1500591741644,33959282,224.21000004,2.900485
1500591741929,33959284,224.21,0.0
1500591741929,33959284,224.22,0.36562
1500591742080,33959285,224.20000004,0.0
1500591742148,33959286,210,32.829559
1500591743214,33959288,224.22,0.0
1500591743214,33959288,224.01,0.36562
1500591743389,33959290,221.60707391,0.0
1500591743389,33959290,222.00836348,24.994892
1500591743618,33959291,224.21000003,0.0
1500591743618,33959291,224.22000001,0.620312
1500591743627,33959292,224.22000002,2.900485
1500591743627,33959292,224.21000004,0.0
1500591744683,33959295,224.22000001,0.0
1500591744683,33959295,224.22000003,0.620312
1500591744697,33959296,224.22000004,2.900485
1500591744697,33959296,224.22000002,0.0
1500591744702,33959297,220.18277953,280.422758
1500591745844,33959298,221.57580114,105.653731
1500591745844,33959298,221.29321268,0.0
1500591745852,33959299,224,0.0
1500591745852,33959299,224.22000004,0.0
1500591745852,33959299,224.22000003,0.0
1500591745852,33959299,224.01,0.0
1500591745852,33959299,224.1000001,0.0
1500591745945,33959301,222.70000003,2.900485
1500591746159,33959304,221.58240114,26.0
1500591746395,33959305,222.00836348,0.0
1500591746395,33959305,221.51354905,25.050725
1500591746877,33959310,223.0001,0.2
1500591746888,33959311,223.00000001,2.900485
1500591746888,33959311,222.70000003,0.0
1500591747977,33959315,223.0101,4.7
1500591747988,33959316,223.00000001,0.0
1500591747988,33959316,223.01010001,2.900485
1500591748369,33959318,222.00836348,24.994892
1500591748369,33959318,221.51354905,0.0
1500591749105,33959324,220.78200463,279.661661
1500591749105,33959324,220.18277953,0.0
1500591751337,33959332,223.0101,0.0
1500591751339,33959333,221.58240116,2.929576
1500591751339,33959333,222.70000002,0.0
1500591751620,33959334,222.00836348,0.0
1500591751620,33959334,221.51354905,25.050725
1500591752938,33959339,221.57580114,0.0
1500591752938,33959339,221.39491327,105.740054
1500591753803,33959344,220.78200463,0.0
1500591753803,33959344,220.39825725,280.148595
1500591757061,33959350,221.00208714,105.928005
1500591757061,33959350,221.39491327,0.0
1500591757708,33959355,219.86671988,280.825867
1500591757708,33959355,220.39825725,0.0
1500591757721,33959356,221.58240114,0.0
1500591757804,33959357,221.00818714,26.0
1500591757815,33959358,221.79195265,0.0
1500591757815,33959358,221.00208716,5.257371
1500591759957,33959364,223.02010001,4.8
1500591759966,33959365,223.02010002,2.900485
1500591759966,33959365,223.01010001,0.0
1500591760784,33959369,221.74345782,25.024752
1500591760784,33959369,221.51354905,0.0
1500591761000,33959370,220.74455178,0.0
1500591761000,33959370,220.99572042,126.729165
1500591761821,33959375,223.2,4.0
1500591761831,33959376,223.20000001,3.007501
1500591761831,33959376,223.02010002,0.0
1500591763137,33959384,223.02010001,0.0
1500591763671,33959385,221.66717133,105.610181
1500591763671,33959385,221.00208714,0.0
1500591766331,33959396,221.53909447,25.047837
1500591766331,33959396,221.74345782,0.0
1500591766866,33959400,220.65391965,279.823999
1500591766866,33959400,219.86671988,0.0
1500591767763,33959407,205,29.392989
1500591767975,33959408,221.00818714,0.0
1500591768175,33959410,221.66997133,26.0
1500591769564,33959413,221.66717133,0.0
1500591769564,33959413,221.32572695,105.773109
1500591770334,33959419,221.53909447,0.0
1500591770334,33959419,221.74487701,25.024592
1500591770928,33959420,223.0101,2.56
1500591772713,33959426,223.2,0.0
1500591772724,33959427,223.20000001,0.0
1500591772724,33959427,223.01010001,3.007501
1500591775113,33959435,223.02010001,4.8
1500591775123,33959436,223.02010002,3.007501
1500591775123,33959436,223.01010001,0.0
1500591775543,33959437,221.58465248,105.649511
1500591775543,33959437,221.32572695,0.0
1500591775797,33959438,221.16053029,285.485065
1500591775797,33959438,220.65391965,0.0
1500591776395,33959439,221.47031079,25.055616
1500591776395,33959439,221.74487701,0.0
1500591777717,33959445,221.16053029,0.0
1500591777717,33959445,220.90024189,285.821454
1500591778091,33959447,223.02010001,0.0
1500591778439,33959448,221.66997133,0.0
1500591778672,33959451,221.59465248,26.0
1500591779013,33959452,220.99572042,0.0
1500591779013,33959452,220.73579439,126.878394
1500591779540,33959454,221.58465248,0.0
1500591779540,33959454,221.28791407,105.791183
1500591779865,33959455,223.0101,1.567501
1500591779865,33959455,223.02010002,0.0
1500591780008,33959457,223.01010001,3.007501
1500591780943,33959463,220.90024189,0.0
1500591780943,33959463,220.53860196,286.290145
1500591781465,33959464,221.1393693,25.093113
1500591781465,33959464,221.47031079,0.0
1500591782284,33959468,220.949821,126.755492
1500591782284,33959468,220.73579439,0.0
1500591783721,33959476,220.53860196,0.0
1500591783721,33959476,221.12403189,285.532187
1500591785387,33959477,221.1393693,0.0
1500591785387,33959477,221.46983126,25.05567
1500591785727,33959480,221.28791407,0.0
1500591785727,33959480,221.50927904,105.68546
1500591786872,33959485,223.01010201,0.8
1500591786885,33959486,223.01010202,3.007501
1500591786885,33959486,223.01010001,0.0
1500591787149,33959487,223.1,40.0
1500591787159,33959488,223.10000001,3.007501
1500591787159,33959488,223.01010202,0.0
1500591787685,33959489,221.12403189,0.0
1500591787685,33959489,220.62258798,286.181161
1500591788109,33959491,221.5946525,2.929414
1500591788109,33959491,221.58240116,0.0
1500591788988,33959496,221.59465248,0.0
1500591789051,33959497,220.58606333,126.964518
1500591789051,33959497,220.949821,0.0
1500591789187,33959499,221.51937904,26.0
1500591789352,33959501,221.08591535,25.09918
1500591789352,33959501,221.46983126,0.0
1500591790337,33959510,222.3,42.232059
1500591792719,33959520,220.62258798,0.0
1500591792719,33959520,220.41336364,286.452814
1500591793376,33959523,221.08591535,0.0
1500591793376,33959523,220.79498704,25.132251
1500591793542,33959524,221.50927904,0.0
1500591793542,33959524,220.92550895,105.964722
1500591795058,33959530,221.51937904,0.0
1500591795172,33959531,220.92770895,12.3838
1500591796132,33959536,223,20.518609
1500591796479,33959539,220.92770895,0.0
1500591797417,33959543,220.40670174,25.176526
1500591797417,33959543,220.79498704,0.0
1500591798786,33959547,222.2222222,0.0
1500591799420,33959549,223.01010201,0.0
1500591800483,33959554,223.10000201,0.8
1500591800492,33959555,223.10000202,2.95757
1500591800492,33959555,223.10000001,0.0
1500591800821,33959557,220.00486416,286.984693
1500591800821,33959557,220.41336364,0.0
1500591801530,33959558,220.92550895,0.0
1500591801530,33959558,220.44374558,106.1963
1500591801626,33959561,220.59756333,1.30504
1500591802916,33959568,220.59756333,0.0
1500591804346,33959571,220.1220964,25.209078
1500591804346,33959571,220.40670174,0.0
1500591805121,33959575,220.58606333,0.0
1500591805121,33959575,220.23137317,127.168999
1500591805534,33959577,220.44374558,0.0
1500591805534,33959577,220.2037869,106.312023
1500591807582,33959585,221.5946525,0.0
1500591807582,33959585,221.00000002,2.937296
1500591807995,33959586,90,76.702601
1500591808335,33959589,219.86598765,25.238443
1500591808335,33959589,220.1220964,0.0
1500591808791,33959594,223.10000202,0.0
1500591808791,33959594,223.10000201,0.110309
1500591809369,33959596,223.10000001,0.234444
1500591809898,33959599,220.00486416,0.0
1500591809898,33959599,220.22550747,286.697164
1500591811566,33959604,221.21887559,105.824198
1500591811566,33959604,220.2037869,0.0
1500591812018,33959605,218.87,0.0
1500591812376,33959607,219.86598765,0.0
1500591812376,33959607,220.6258116,25.151523
1500591812584,33959610,213.8339,127.844
1500591813144,33959612,223.10000201,0.0
1500591813176,33959613,215.0447,0.0
1500591813959,33959618,209.5444,127.844
1500591814101,33959619,220.22550747,0.0
1500591814101,33959619,219.97431603,287.024547
1500591816056,33959626,213.8339,0.0
1500591816333,33959627,220.6258116,0.0
1500591816333,33959627,220.1220964,25.209078
1500591816457,33959628,209.5444,0.0
1500591816631,33959630,217.1295,127.844
1500591817241,33959631,208.8118,127.844
1500591817970,33959636,217.1295,0.0
1500591818360,33959637,221.001,5.0
1500591818618,33959638,213.0864,127.844
1500591819547,33959641,221.21887559,0.0
1500591819547,33959641,220.5954402,106.123273
1500591819728,33959642,208.22,127.91
1500591819876,33959644,219.79293201,287.261414
1500591819876,33959644,219.97431603,0.0
1500591820009,33959645,219.98761843,127.309907
1500591820009,33959645,220.23137317,0.0
1500591820961,33959649,215.02,27.27
1500591821478,33959652,220.6258116,25.151523
1500591821478,33959652,220.1220964,0.0
1500591822056,33959655,208.59,14.35
1500591823378,33959661,223.0101,0.0
1500591823470,33959662,208.22,76.24
1500591823593,33959666,220.5954402,0.0
1500591823593,33959666,221.04190641,105.908923
1500591823667,33959667,219.58436586,287.534261
1500591823667,33959667,219.79293201,0.0
1500591823732,33959668,213.0864,0.0
1500591824625,33959669,215.5327,127.844
1500591824630,33959670,220.6258116,0.0
1500591824630,33959670,220.88232089,25.122314
1500591825409,33959674,208.8118,0.0
1500591825411,33959675,222.70000001,0.234444
1500591825411,33959675,223.10000001,0.0
1500591825912,33959678,215.5327,0.0
1500591826371,33959680,211.2091,127.844
1500591826399,33959681,214.1035,127.844
1500591826568,33959683,221.04190641,0.0
1500591826568,33959683,221.22160353,105.822893
1500591827017,33959684,214.1035,0.0
1500591827017,33959685,221.00000002,0.0
1500591827017,33959685,221.00100002,2.937283
1500591827500,33959689,215.3092,127.844
1500591827740,33959691,219.79285241,287.261518
1500591827740,33959691,219.58436586,0.0
1500591828789,33959692,221.001,0.0
1500591828876,33959695,215.3092,0.0
1500591828942,33959697,223.10000001,0.234444
1500591828942,33959697,222.70000001,0.0
1500591829445,33959702,214.106,127.844
1500591832725,33959711,220.0990114,286.861935
1500591832725,33959711,219.79285241,0.0
1500591834556,33959718,221.13883018,25.093174
1500591834556,33959718,220.88232089,0.0
1500591837142,33959728,221.00208716,0.0
1500591837142,33959728,220.32146002,5.273612
1500591838969,33959734,223.2,1.0
1500591838970,33959735,220.20961421,127.181564
1500591838970,33959735,219.98761843,0.0
1500591840636,33959738,223.20000001,0.234444
1500591840636,33959738,223.10000001,0.0
1500591843061,33959744,214.106,0.0
1500591843593,33959748,215.3224,127.844
1500591843718,33959749,220.44178872,286.415878
1500591843718,33959749,220.0990114,0.0
1500591846296,33959755,221.00100002,0.0
1500591846296,33959755,221.22160355,2.934354
1500591846469,33959756,223.20000001,0.0
1500591847074,33959760,223.2,0.538
1500591847599,33959761,207.74,31.84
1500591847599,33959761,215.02,0.0
1500591850091,33959768,220.20961421,0.0
1500591850091,33959768,219.77966689,127.430365
1500591850533,33959769,221.22160353,0.0
1500591850533,33959769,221.48592854,105.696602
1500591850546,33959770,222.001,5.0
1500591850745,33959772,220.44178872,0.0
1500591850745,33959772,219.37330629,287.810898
1500591850754,33959773,223.10000001,2.883174
1500591851605,33959777,223.20000001,0.622613
1500591851634,33959778,223.20000002,2.934162
1500591851634,33959778,223.10000001,0.0
1500591851672,33959779,223.2,0.0
1500591851672,33959779,223.1,35.72792
1500591851672,33959779,223.20000001,0.0
1500591851672,33959779,223.20000002,0.0
1500591852428,33959784,221.36401972,25.067647
1500591852428,33959784,221.13883018,0.0
1500591853625,33959791,221.66996065,105.608852
1500591853625,33959791,221.48592854,0.0
1500591855235,33959802,223.1,27.237614
1500591855285,33959803,223.1,21.269749
1500591855674,33959804,217.99181452,289.634859
1500591855674,33959804,219.37330629,0.0
1500591856002,33959807,223.11,0.1
1500591856016,33959808,219.77966689,0.0
1500591856016,33959808,219.4746724,127.60745
1500591856439,33959809,221.36401972,0.0
1500591856439,33959809,220.71585094,25.141262
1500591859451,33959822,223.11,0.0
1500591859535,33959823,221.66996065,0.0
1500591859535,33959823,221.30010554,105.785355
1500591859710,33959827,217.99181452,0.0
1500591859710,33959827,218.68090143,292.965458
1500591859964,33959828,219.4746724,0.0
1500591859964,33959828,219.94238311,127.33609
1500591862043,33959839,223.11,0.1
1500591862828,33959842,221.22160355,0.0
1500591862828,33959842,222.00100002,2.924052
1500591862911,33959845,223.11,0.0
1500591862911,33959845,223.1,7.527479
1500591863666,33959846,220.8765084,105.98823
1500591863666,33959846,221.30010554,0.0
1500591866509,33959857,219.94238311,0.0
1500591866509,33959857,219.52198779,127.579945
1500591866510,33959859,220.34626168,290.751247
1500591866510,33959859,218.68090143,0.0
1500591867543,33959868,221.29690061,105.786887
1500591867543,33959868,220.8765084,0.0
1500591867966,33959869,223.1,0.0
1500591868826,33959874,221.2,8.261488
1500591870516,33959881,220.32146002,0.0
1500591870516,33959881,220.3462617,5.273018
1500591872965,33959888,218.92169213,134.017742
1500591872965,33959888,219.52198779,0.0
1500591874215,33959894,223.00010001,0.622166
1500591878618,33959904,221.29690061,0.0
1500591878618,33959904,220.84355794,106.004044
1500591880118,33959911,218.92169213,0.0
1500591880118,33959911,219.27488932,133.801872
1500591882788,33959922,220.28560284,106.272538
1500591882788,33959922,220.84355794,0.0
1500591884063,33959927,219.27488932,0.0
1500591884063,33959927,219.76417057,133.503977
1500591884290,33959928,222.001,0.0
1500591885387,33959935,223,0.127072
1500591885387,33959935,223.0001,0.0
1500591885387,33959935,223.00010001,0.0
1500591888384,33959969,220.71585094,0.0
1500591888384,33959969,220.45920113,25.170531
1500591888824,33959973,220.58715011,106.127261
1500591888824,33959973,220.28560284,0.0
1500591889958,33959987,220.34626168,0.0
1500591889958,33959987,219.08439802,292.425892
1500591891868,33959994,215.3224,0.0
1500591892379,33959995,216.529,127.844
1500591894303,33960001,223,0.0
1500591894303,33960001,222.7,0.00407
1500591895723,33960011,220.36565652,106.233932
1500591895723,33960011,220.58715011,0.0
1500591897577,33960020,220.5622554,106.13924
1500591897577,33960020,220.36565652,0.0
1500591897846,33960021,219.53167726,291.830096
1500591897846,33960021,219.08439802,0.0
1500591898351,33960024,220.70993342,25.141936
1500591898351,33960024,220.45920113,0.0
1500591898827,33960027,221.00000002,2.937296
1500591898827,33960027,222.00100002,0.0
1500591901912,33960038,221.2,0.0
1500591903242,33960041,222.3,0.0
1500591905664,33960048,211.2091,0.0
1500591906116,33960052,212.9667,127.844
1500591906271,33960053,220.56225542,5.267855
1500591906271,33960053,220.3462617,0.0
1500591910313,33960064,220.02663599,133.344723
1500591910313,33960064,219.76417057,0.0
1500591910328,33960065,222.50000001,0.179013
1500591910426,33960066,209.17,0.0
1500591910426,33960066,207.67,44.75
1500591910570,33960067,220.70993342,0.0
1500591910570,33960067,221.09061281,25.098646
1500591911680,33960072,219.74682256,291.544377
1500591911680,33960072,219.53167726,0.0
1500591917061,33960088,222,3.0
1500591923336,33960102,221.09061281,0.0
1500591923336,33960102,222.37818049,24.953325
1500591924615,33960109,220.5622554,0.0
1500591924615,33960109,220.11108683,106.356797
1500591926303,33960113,220,69.201155
1500591927438,33960118,222.85410945,24.900035
1500591927438,33960118,222.37818049,0.0
1500591927448,33960119,222.50000001,0.0
1500591927448,33960119,222.70000001,0.179013
1500591928640,33960126,220.11108683,0.0
1500591928640,33960126,220.38836038,106.222988
1500591932410,33960130,222.05227668,24.989949
1500591932410,33960130,222.85410945,0.0
1500591932422,33960131,222.50000001,0.179013
1500591932422,33960131,222.70000001,0.0
1500591935172,33960146,219.99941563,106.410783
1500591935172,33960146,220.38836038,0.0
1500591937365,33960154,221.64488474,25.035882
1500591937365,33960154,222.05227668,0.0
1500591940534,33960161,219.99941563,0.0
1500591940534,33960161,219.71365766,106.54918
1500591940971,33960163,220.32146002,5.273612
1500591940971,33960163,220.56225542,0.0
1500591942961,33960171,219.74682256,0.0
1500591942961,33960171,219.93873684,291.289981
1500591942962,33960172,221.12586513,25.094645
1500591942962,33960172,221.64488474,0.0
1500591944120,33960176,220.23662173,135.710228
1500591944120,33960176,220.02663599,0.0
1500591944635,33960180,219.71365766,0.0
1500591944635,33960180,220.33642085,106.248028
1500591949462,33960195,221.12586513,0.0
1500591949462,33960195,222.25303517,24.967376
1500591954358,33960198,221.62620686,25.037992
1500591954358,33960198,222.25303517,0.0
1500591958172,33960202,222.50000001,0.0
1500591958172,33960202,222.5,1.88251
1500591958172,33960202,222.7,0.0
1500591959158,33960204,222.5001,0.2
1500591960566,33960216,219.75888896,106.52725
1500591960566,33960216,220.33642085,0.0
1500591961498,33960229,221.62620686,0.0
1500591961498,33960229,221.25320188,25.080202
1500591964968,33960240,219.75888896,0.0
1500591964968,33960240,220.31524744,106.258239
1500591965268,33960241,220.04815551,135.826461
1500591965268,33960241,220.23662173,0.0
1500591966410,33960246,221.25320188,0.0
1500591966410,33960246,221.63119386,25.037428
1500591970590,33960259,222.50000001,2.986598
1500591971364,33960263,221.26976499,25.078325
1500591971364,33960263,221.63119386,0.0
1500591976415,33960279,220.95338091,25.114235
1500591976415,33960279,221.26976499,0.0
1500591978635,33960287,222.5001,0.0
1500591978677,33960289,222.50000001,0.0
1500591978677,33960289,222.00000001,2.911768
1500591979531,33960295,222.001,5.0
1500591979540,33960296,222.00100001,2.911768
1500591979540,33960296,222.00000001,0.0
1500591982380,33960303,220.95338091,0.0
1500591982380,33960303,221.75188387,25.023801
1500591983902,33960307,219.93873684,0.0
1500591983902,33960307,219.74535585,291.546323
1500591984465,33960310,205.96,0.0
1500591984514,33960311,175.88,0.0
1500591984979,33960312,220.04815551,0.0
1500591984979,33960312,219.74664219,136.012827
1500591988465,33960317,221.46388954,25.056343
1500591988465,33960317,221.75188387,0.0
1500591988769,33960320,222.001,0.0
1500591990692,33960326,220.31524744,0.0
1500591990692,33960326,220.07798032,106.372796
1500591994898,33960333,220.07798032,0.0
1500591994898,33960333,219.75479624,106.529234
1500591994963,33960335,222.00100001,0.0
1500591994963,33960335,222.50000001,2.911768
1500591995219,33960337,222.50000002,0.624167
1500591995229,33960338,222.50000001,0.0
1500591995229,33960338,222.50000003,2.911768
1500591995415,33960339,222.50000002,0.0
1500591995415,33960339,222.50000004,0.624167
1500591995428,33960340,222.50000005,2.911768
1500591995428,33960340,222.50000003,0.0
1500591995632,33960342,222.50000006,0.624167
1500591995632,33960342,222.50000004,0.0
1500591995641,33960343,222.50000007,2.911768
1500591995641,33960343,222.50000005,0.0
1500591995835,33960345,222.50000006,0.0
1500591995835,33960345,222.50000008,0.624167
1500591995844,33960346,222.50000009,2.911768
1500591995844,33960346,222.50000007,0.0
1500591996036,33960348,222.5000001,0.624167
1500591996036,33960348,222.50000008,0.0
1500591996050,33960349,222.50000011,2.911768
1500591996050,33960349,222.50000009,0.0
1500591996255,33960351,222.5000001,0.0
1500591996255,33960351,222.50000012,0.624167
1500591996264,33960352,222.50000013,2.911768
1500591996264,33960352,222.50000011,0.0
1500591996458,33960353,222.50000014,0.624167
1500591996458,33960353,222.50000012,0.0
1500591996477,33960354,222.50000013,0.0
1500591996477,33960354,222.50000015,2.911768
1500591996678,33960355,222.50000014,0.0
1500591996678,33960355,222.50000016,0.624167
1500591996690,33960356,222.50000017,2.911768
1500591996690,33960356,222.50000015,0.0
1500591996892,33960358,207.59,63.82
1500591996892,33960359,222.50000016,0.0
1500591996892,33960359,222.50000018,0.624167
1500591996926,33960361,222.50000019,2.911768
1500591996926,33960361,222.50000017,0.0
1500591997095,33960362,222.5000002,0.624167
1500591997095,33960362,222.50000018,0.0
1500591997107,33960363,222.50000019,0.0
1500591997107,33960363,222.50000021,2.911768
1500591997302,33960364,222.50000022,0.624167
1500591997302,33960364,222.5000002,0.0
1500591997312,33960365,222.50000021,0.0
1500591997312,33960365,222.50000023,2.911768
1500591997504,33960367,222.50000024,0.624167
1500591997504,33960367,222.50000022,0.0
1500591997513,33960368,222.50000023,0.0
1500591997513,33960368,222.50000025,2.911768
1500591997715,33960369,220.022,1.0
1500591997727,33960370,222.50000024,0.0
1500591997727,33960370,222.50000026,0.624167
1500591997740,33960371,222.50000025,0.0
1500591997740,33960371,222.50000027,2.911768
1500591997931,33960372,222.50000026,0.0
1500591997931,33960372,222.50000028,0.624167
1500591997942,33960373,222.50000029,2.911768
1500591997942,33960373,222.50000027,0.0
1500591997972,33960374,210.71,31.91
1500591998131,33960375,222.50000028,0.0
1500591998131,33960375,222.5000003,0.624167
1500591998151,33960376,222.50000031,2.911768
1500591998151,33960376,222.50000029,0.0
1500591998653,33960377,222.5000003,0.0
1500591998653,33960377,222.50000032,0.624167
1500591998662,33960378,222.50000031,0.0
1500591998662,33960378,222.50000033,2.911768
1500591999262,33960380,207.63,15.96
1500591999645,33960381,222.50000034,0.624167
1500591999645,33960381,222.50000032,0.0
1500591999702,33960382,222.50000033,0.0
