timestamp,id,price,q
1500591204446,61396058,0.07940425,123.028475
1500591204733,61396059,0.07940425,0.0
1500591204792,61396060,0.07940462,93.106994
1500591204962,61396061,0.07940462,216.109383
1500591207527,61396068,0.0788615,0.0
1500591207689,61396070,0.0789001,1.257571
1500591208048,61396073,0.07940462,93.106994
1500591208531,61396074,0.07940462,0.0
1500591208531,61396075,0.07940499,122.869568
1500591208901,61396076,0.07940499,215.919284
1500591210195,61396082,0.07909,0.0
1500591210283,61396083,0.07940501,0.950859
1500591210283,61396083,0.07940351,0.0
1500591210409,61396084,0.07908,1.0
1500591211997,61396085,0.07921368,0.0
1500591211997,61396085,0.07911398,377.608461
1500591212044,61396086,0.07940499,93.049716
1500591212359,61396087,0.07940538,123.050473
1500591212360,61396088,0.07940499,0.0
1500591212687,61396089,0.07940538,216.19897
1500591215357,61396099,0.07916358,0.0
1500591215357,61396099,0.07907331,197.493013
1500591216046,61396101,0.07940538,93.148497
1500591216385,61396102,0.07940538,0.0
1500591216385,61396103,0.07926315,123.230208
1500591216804,61396106,0.07940575,93.148497
1500591216992,61396107,0.08,27.170932
1500591216992,61396107,0.08000001,0.0
1500591217650,61396111,0.0789001,0.0
1500591219974,61396112,0.07935111,0.0
1500591220205,61396116,0.07919241,0.0
1500591220261,61396117,0.07940583,5.63507
1500591220266,61396118,0.07940575,0.0
1500591220338,61396120,0.07940583,0.0
1500591220414,61396121,0.07926319,5.35031
1500591220494,61396122,0.07926352,93.320199
1500591220505,61396123,0.07926319,0.0
1500591220877,61396126,0.07926358,3.20563
1500591221028,61396127,0.07926358,0.0
1500591221094,61396129,0.07926362,3.20383
1500591222949,61396131,0.07926362,0.0
1500591223131,61396133,0.07926356,2.31766
1500591223314,61396136,0.07926356,0.0
1500591223431,61396137,0.07926356,2.31576
1500591224031,61396138,0.07926315,0.0
1500591224250,61396140,0.07926352,0.0
1500591224259,61396141,0.07912612,123.336399
1500591224522,61396142,0.07926393,93.30844
1500591225964,61396148,0.079669,0.0
1500591226164,61396149,0.07926356,0.0
1500591227473,61396150,0.07908,0.0
1500591227691,61396151,0.07870484,1.26305
1500591227692,61396152,0.07901,1.0
1500591227875,61396153,0.07940501,0.0
1500591227875,61396153,0.07933742,0.951669
1500591228043,61396154,0.07912612,0.0
1500591228271,61396156,0.0792643,123.239162
1500591228717,61396159,0.07914346,83.431364
1500591228717,61396159,0.07926278,0.0
1500591230234,61396162,0.079616,0.2
1500591230369,61396164,0.07926439,5.74132
1500591232039,61396169,0.0792643,0.0
1500591232434,61396171,0.07926393,0.0
1500591232443,61396172,0.07926476,123.309467
1500591232795,61396174,0.07926476,216.617039
1500591236357,61396179,0.07926476,93.307572
1500591236358,61396180,0.07926476,0.0
1500591236584,61396183,0.07926513,123.291904
1500591236585,61396184,0.07926513,216.599476
1500591237127,61396187,0.07955896,0.346503
1500591238788,61396190,0.07870474,0.0
1500591238854,61396191,0.07914346,0.0
1500591238854,61396191,0.07924344,83.3261
1500591239350,61396193,0.07807501,124.687
1500591240073,61396197,0.07926513,93.307572
1500591240262,61396198,0.07926513,0.0
1500591240380,61396199,0.0792655,123.291904
1500591240380,61396200,0.07926439,0.0
1500591240598,61396201,0.07926561,5.74132
1500591240598,61396202,0.07912612,93.402599
1500591241861,61396213,0.07488,94.23545
1500591241861,61396213,0.07412,127.45329
1500591242556,61396214,0.0788389,10.0
1500591242652,61396215,0.07924344,0.0
1500591242652,61396215,0.07900188,83.580882
1500591243037,61396216,0.07868122,15.0
1500591244134,61396220,0.0792655,0.0
1500591244583,61396222,0.07912649,123.367165
1500591244586,61396223,0.07933742,0.0
1500591244586,61396223,0.07955898,0.949019
1500591245200,61396229,0.07448,78.17519
1500591245302,61396230,0.07901,0.0
1500591245553,61396231,0.07895,1.0
1500591246814,61396232,0.07912618,83.449584
1500591246814,61396232,0.07900188,0.0
1500591247298,61396235,0.07488,0.0
1500591247298,61396235,0.07412,228.62921
1500591247705,61396240,0.07870484,0.0
1500591248221,61396241,0.07912649,0.0
1500591248258,61396242,0.07912612,0.0
1500591248518,61396244,0.07926561,0.0
1500591248518,61396245,0.07912655,123.369922
1500591248519,61396246,0.07912686,93.408236
1500591249329,61396249,0.07683,43.24641
1500591249385,61396250,0.08000003,1.23618
1500591250665,61396254,0.07912618,0.0
1500591250665,61396254,0.07902421,83.557265
1500591250670,61396255,0.07912655,0.0
1500591250762,61396256,0.07912686,0.0
1500591250850,61396257,0.08000003,0.53618
1500591250912,61396258,0.07912723,135.182797
1500591250997,61396259,0.07912723,232.085868
1500591252574,61396261,0.07683,0.0
1500591252574,61396261,0.07412,278.93161
1500591254355,61396262,0.07912723,96.903071
1500591254378,61396263,0.07912723,0.0
1500591254585,61396264,0.0791276,135.182797
1500591254626,61396265,0.0791276,232.085868
1500591255075,61396266,0.07902417,378.037608
1500591255075,61396266,0.07911398,0.0
1500591255078,61396267,0.07955896,0.896057
1500591257834,61396269,0.07852898,1.268565
1500591258045,61396270,0.0791276,96.903071
1500591258268,61396271,0.0791276,0.0
1500591258274,61396272,0.07912797,135.182797
1500591258542,61396273,0.07912797,232.085868
1500591258909,61396274,0.08000003,0.33618
1500591260531,61396276,0.0793374,0.0
1500591260922,61396277,0.0788614,0.0
1500591262713,61396278,0.07961602,0.948339
1500591262713,61396278,0.07955898,0.0
1500591262741,61396279,0.07912797,96.903071
1500591262741,61396280,0.07895,0.0
1500591263022,61396281,0.07912797,0.0
1500591263159,61396282,0.07912834,135.182797
1500591263172,61396283,0.07883,1.0
1500591263301,61396284,0.07912834,232.085868
1500591263874,61396285,0.08,26.495042
1500591263874,61396285,0.08000003,0.0
1500591266132,61396286,0.07912834,96.903071
1500591266283,61396287,0.07912834,0.0
1500591266361,61396288,0.07912871,135.182797
1500591266515,61396289,0.07912871,232.085868
1500591268005,61396293,0.07852898,0.0
1500591268313,61396296,0.079616,0.0
1500591268936,61396297,0.08,26.295042
1500591270061,61396298,0.07912871,96.903071
1500591270448,61396299,0.07912871,0.0
1500591270501,61396300,0.07912908,135.182797
1500591270773,61396301,0.07912908,232.085868
1500591272389,61396302,0.07883,0.0
1500591272852,61396303,0.07879,1.0
1500591273367,61396304,0.07411,80.26186
1500591273367,61396304,0.0748,353.69879
1500591274037,61396307,0.07912908,96.903071
1500591274270,61396308,0.07912908,0.0
1500591274270,61396309,0.07912945,135.182796
1500591274517,61396310,0.07912945,232.085834
1500591277931,61396314,0.07852898,1.268565
1500591278023,61396315,0.07912945,96.903038
1500591278566,61396316,0.07912982,135.180397
1500591278566,61396317,0.07912945,0.0
1500591278566,61396318,0.08,24.295042
1500591278894,61396319,0.07411,160.90057
1500591278894,61396319,0.0748,278.07798
1500591278895,61396320,0.07912982,232.075251
1500591279359,61396321,0.07896483,199.13692
1500591279359,61396321,0.07907331,0.0
1500591279630,61396322,0.07955898,0.949019
1500591279630,61396322,0.07961602,0.0
1500591281671,61396324,0.07879,0.0
1500591281956,61396325,0.07874,1.0
1500591282048,61396326,0.07912982,96.894854
1500591282429,61396327,0.07913019,135.173618
1500591282429,61396328,0.07912982,0.0
1500591282740,61396329,0.07913019,232.068472
1500591284324,61396330,0.07411,299.78252
1500591284324,61396330,0.0748,143.6267
1500591285533,61396332,0.07891149,83.676621
1500591285533,61396332,0.07902421,0.0
1500591286246,61396333,0.07913019,96.894854
1500591286437,61396335,0.07913019,0.0
1500591286496,61396337,0.07913056,135.204187
1500591286652,61396339,0.07913056,232.112379
1500591287356,61396340,0.07880647,199.537082
1500591287356,61396340,0.07896483,0.0
1500591289187,61396343,0.08,22.295042
1500591289551,61396344,0.08,21.522564
1500591289963,61396346,0.07886566,379.006782
1500591289963,61396346,0.07902417,0.0
1500591290072,61396347,0.07411,354.8724
1500591290072,61396347,0.0748,92.95989
1500591290072,61396348,0.07913056,96.908192
1500591290292,61396349,0.07913056,0.0
1500591290298,61396350,0.07913093,135.204187
1500591290530,61396351,0.07872678,83.872944
1500591290530,61396351,0.07891149,0.0
1500591290597,61396352,0.07913093,232.114206
1500591290836,61396353,0.07874,0.0
1500591291147,61396354,0.0787,1.0
1500591291565,61396356,0.08,20.771636
1500591294060,61396357,0.07879307,379.355951
1500591294060,61396357,0.07886566,0.0
1500591294060,61396358,0.07913093,96.910019
1500591294397,61396359,0.08,18.771636
1500591294397,61396360,0.07913093,0.0
1500591294501,61396361,0.0791313,135.206303
1500591294501,61396362,0.07880647,0.0
1500591294501,61396362,0.07871625,199.76578
1500591294631,61396363,0.0791313,232.116322
1500591295798,61396365,0.08,0.0
1500591295967,61396366,0.07409,97.20849
1500591295967,61396366,0.0748,0.0
1500591296814,61396368,0.07913132,0.954148
1500591296814,61396368,0.07955898,0.0
1500591297223,61396369,0.07990127,0.4429
1500591298061,61396370,0.0791313,96.910019
1500591298366,61396371,0.0791313,0.0
1500591298366,61396372,0.07913169,135.206303
1500591298932,61396373,0.07913167,96.910019
1500591299490,61396374,0.0787,0.0
1500591299686,61396375,0.07865,1.0
1500591300364,61396376,0.07990127,0.0
1500591301917,61396377,0.074,82.271777
1500591301917,61396377,0.07472,48.69216
1500591302262,61396379,0.07913167,0.0
1500591302369,61396380,0.07955896,0.0
1500591302369,61396380,0.07913169,134.554851
1500591302369,61396380,0.07975084,0.0
1500591302555,61396381,0.07913206,96.910019
1500591303059,61396382,0.07913169,0.0
1500591305298,61396385,0.07913243,134.28888
1500591306249,61396386,0.07913206,0.0
1500591306383,61396387,0.07871625,0.0
1500591306383,61396387,0.0788025,209.152222
1500591306607,61396388,0.0791328,96.910019
1500591306813,61396389,0.0789131,84.053154
1500591306813,61396389,0.07872678,0.0
1500591307325,61396390,0.07385,53.76773
1500591307325,61396390,0.07472,0.0
1500591308049,61396392,0.07913243,0.0
1500591308269,61396393,0.07913317,134.28888
1500591308670,61396394,0.07865,0.0
1500591309285,61396395,0.0786,1.0
1500591310690,61396396,0.0791328,0.0
1500591310915,61396397,0.07913354,96.910019
1500591312287,61396399,0.07913318,0.6
1500591313503,61396401,0.07913132,0.0
1500591313503,61396401,0.07913356,0.954121
1500591313622,61396402,0.07385,123.58218
1500591313622,61396402,0.07471,0.0
1500591314250,61396404,0.07913354,0.0
1500591314508,61396405,0.07891347,97.076063
1500591316071,61396406,0.07913317,0.0
1500591316349,61396407,0.07891384,134.532263
1500591317884,61396408,0.0786,0.0
1500591318105,61396409,0.07852,1.0
1500591318326,61396410,0.07891347,0.0
1500591318719,61396411,0.07891421,97.075894
1500591319140,61396413,0.07466,0.0
1500591319140,61396413,0.07385,191.63197
1500591320073,61396414,0.07891384,0.0
1500591320382,61396415,0.07891458,134.532263
1500591321520,61396416,0.0788025,0.0
1500591321520,61396416,0.07863827,209.58902
1500591322500,61396418,0.07891421,0.0
1500591322723,61396421,0.07891495,97.08156
1500591322965,61396422,0.07879307,0.0
1500591322965,61396422,0.07872363,379.690571
1500591324239,61396423,0.07891458,0.0
1500591324239,61396424,0.07913318,0.0
1500591324550,61396426,0.07891532,134.55144
1500591325193,61396427,0.07456,0.0
1500591325193,61396427,0.07385,285.18676
1500591325231,61396428,0.07913357,0.6
1500591326456,61396429,0.07891495,0.0
1500591326562,61396430,0.0789131,0.0
1500591326562,61396430,0.07877354,84.202068
1500591326809,61396431,0.07891569,97.161482
1500591327310,61396432,0.07852,0.0
1500591327589,61396434,0.07847,1.0
1500591330673,61396435,0.07870134,84.279314
1500591330673,61396435,0.07877354,0.0
1500591330949,61396436,0.07913359,0.95412
1500591330949,61396436,0.07913356,0.0
1500591332221,61396440,0.07919,0.2
1500591333019,61396441,0.07872363,0.0
1500591333019,61396441,0.07862394,380.171994
1500591336276,61396443,0.07891532,0.0
1500591336502,61396445,0.07891606,135.05728
1500591337377,61396446,0.07919,0.0
1500591337467,61396447,0.07913357,0.0
1500591338267,61396448,0.07891569,0.0
1500591338551,61396449,0.07891643,97.25863
1500591339007,61396450,0.07919001,0.6
1500591340099,61396451,0.07891606,0.0
1500591340332,61396452,0.0789168,135.05728
1500591340832,61396454,0.0786232,84.363076
1500591340832,61396454,0.07870134,0.0
1500591342295,61396457,0.07849511,380.795951
1500591342295,61396457,0.07862394,0.0
1500591342587,61396458,0.07863827,0.0
1500591342587,61396458,0.07856303,209.789744
1500591344647,61396461,0.07854173,84.450584
1500591344647,61396461,0.0786232,0.0
1500591345525,61396462,0.07847,0.0
1500591345860,61396464,0.07839,1.0
1500591346003,61396465,0.07849511,0.0
1500591346003,61396465,0.07856124,380.475411
1500591346331,61396466,0.07856303,0.0
1500591346331,61396466,0.078408,210.204545
1500591347562,61396469,0.07861928,84.367282
1500591347562,61396469,0.07854173,0.0
1500591347946,61396470,0.07913359,0.0
1500591347946,61396470,0.07919001,0.0
1500591347946,61396470,0.07912575,0.0
1500591348967,61396474,0.07852898,0.0
1500591349005,61396475,0.07856124,0.0
1500591349005,61396475,0.07848411,380.849321
1500591351666,61396483,0.07853614,84.456595
1500591351666,61396483,0.07861928,0.0
1500591352072,61396484,0.07891681,0.6
1500591352990,61396486,0.0786277,380.153814
1500591352990,61396486,0.07848411,0.0
1500591355579,61396491,0.07838007,84.624765
1500591355579,61396491,0.07853614,0.0
1500591357046,61396495,0.0786277,0.0
1500591357046,61396495,0.0785596,380.483353
1500591359363,61396500,0.078408,0.0
1500591359363,61396500,0.0785664,209.780746
1500591359376,61396501,0.07807511,1.282916
1500591359545,61396502,0.07838007,0.0
1500591359545,61396502,0.0784672,84.530797
1500591361535,61396505,0.07452,0.0
1500591361535,61396505,0.07374,72.22874
1500591363725,61396507,0.07891681,0.0
1500591363762,61396508,0.0784672,0.0
1500591363762,61396508,0.07872016,84.259165
1500591363837,61396509,0.07839,0.0
1500591364116,61396510,0.07831,1.0
1500591367567,61396515,0.0745,0.0
1500591367567,61396515,0.07374,163.80986
1500591367847,61396516,0.078802,0.2
1500591368046,61396518,0.0789168,0.0
1500591368284,61396519,0.07872053,135.362918
1500591368919,61396521,0.07872016,0.0
1500591368919,61396521,0.07860062,84.387311
1500591369951,61396525,0.07706189,0.0
1500591370428,61396526,0.07643252,124.687
1500591370723,61396527,0.07891643,0.0
1500591371044,61396528,0.07868159,97.549647
1500591372661,61396530,0.07436,205.63167
1500591373370,61396531,0.07831,0.0
1500591373568,61396532,0.0785168,84.477398
1500591373568,61396532,0.07860062,0.0
1500591373590,61396533,0.07825,1.0
1500591373679,61396534,0.07836799,1.428377
1500591374260,61396535,0.07868159,0.0
1500591374495,61396536,0.07856677,97.588724
1500591374793,61396538,0.07374,251.38017
1500591374793,61396538,0.07448,0.0
1500591375772,61396539,0.078802,0.0
1500591376023,61396541,0.0785596,0.0
1500591376023,61396541,0.0784672,380.931396
1500591376023,61396542,0.07872053,0.0
1500591376279,61396543,0.07856714,135.550756
1500591378261,61396547,0.07856677,0.0
1500591378553,61396548,0.07856751,97.588724
1500591380128,61396550,0.07856714,0.0
1500591380644,61396551,0.07856788,135.550756
1500591380644,61396552,0.07373,58.23801
1500591380644,61396552,0.07444,85.1011
1500591381856,61396554,0.0789,0.0
1500591381856,61396554,0.0788389,7.70234
1500591381935,61396555,0.07825,0.0
1500591382424,61396556,0.07856751,0.0
1500591382466,61396557,0.07828,1.0
1500591382701,61396558,0.07868159,97.582108
1500591386462,61396561,0.07361,92.0499
1500591386462,61396561,0.07444,0.0
1500591391651,61396567,0.07828,0.0
1500591391651,61396568,0.07807511,0.0
1500591391842,61396569,0.07361,238.05502
1500591391842,61396569,0.07439,0.0
1500591391843,61396570,0.07823,1.0
1500591392190,61396571,0.07807501,0.0
1500591392674,61396572,0.07750001,124.687
1500591393317,61396573,0.06402,23.30231
1500591393317,61396573,0.06532,34.40343
1500591394065,61396574,0.078802,0.2
1500591394313,61396576,0.07868159,0.0
1500591394542,61396577,0.07836836,97.92583
1500591394567,61396578,0.0785168,0.0
1500591394567,61396578,0.07845331,84.545763
1500591394807,61396579,0.06402,62.04108
1500591394807,61396579,0.06532,0.0
1500591396044,61396581,0.07856788,0.0
1500591396276,61396582,0.07836873,135.984809
1500591397254,61396583,0.07361,276.95973
1500591397254,61396583,0.07437,476.65687
1500591400610,61396587,0.07836497,84.641071
1500591400610,61396587,0.07845331,0.0
1500591400637,61396588,0.0778001,1.291693
1500591401457,61396590,0.07836988,210.306791
1500591401457,61396590,0.0785664,0.0
1500591402885,61396593,0.07361,440.57822
1500591402885,61396593,0.07437,319.33227
1500591404335,61396597,0.07836873,0.0
1500591404649,61396598,0.07823037,136.196429
1500591405448,61396599,0.078802,0.0
1500591406291,61396601,0.07836836,0.0
1500591406524,61396602,0.07823074,98.010903
1500591408046,61396605,0.07823037,0.0
1500591408134,61396606,0.07823,0.0
1500591408279,61396607,0.07823111,136.141192
1500591408342,61396608,0.07815,1.0
1500591408395,61396609,0.07361,498.58273
1500591408395,61396609,0.07437,266.7167
1500591408558,61396610,0.07255396,142.011411
1500591408558,61396610,0.07324269,0.0
1500591410275,61396612,0.07823074,0.0
1500591410510,61396613,0.07823148,98.148044
1500591412492,61396614,0.07823111,0.0
1500591412854,61396616,0.07823185,136.141192
1500591413860,61396619,0.0736,142.50189
1500591413860,61396619,0.07437,129.28604
1500591414268,61396620,0.07823148,0.0
1500591414491,61396621,0.07815037,98.151676
1500591416045,61396622,0.07823185,0.0
1500591416272,61396623,0.07815074,136.234603
1500591416288,61396624,0.078802,0.2
1500591417532,61396625,0.07829856,84.71286
1500591417532,61396625,0.07836497,0.0
1500591418290,61396627,0.07815037,0.0
1500591418553,61396628,0.07815111,98.153335
1500591418969,61396630,0.0778001,0.0
1500591419780,61396631,0.07361,575.13416
1500591419780,61396631,0.07437,57.32408
1500591420157,61396632,0.07815074,0.0
1500591420517,61396633,0.07815148,136.234603
1500591422383,61396636,0.07815111,0.0
1500591422733,61396637,0.07815185,98.153335
1500591422998,61396638,0.0784672,0.0
1500591422998,61396638,0.07831885,381.652949
1500591424330,61396642,0.07815148,0.0
1500591424561,61396643,0.07815222,136.282873
1500591425288,61396644,0.0735,61.58685
1500591425288,61396644,0.07437,0.0
1500591425818,61396645,0.07815,0.0
1500591426211,61396646,0.07804,1.0
1500591426294,61396647,0.07815185,0.0
1500591426334,61396648,0.07836988,0.0
1500591426334,61396648,0.07827149,210.571154
1500591426830,61396649,0.07822055,84.797345
1500591426830,61396649,0.07829856,0.0
1500591426837,61396650,0.07815259,98.153335
1500591428038,61396653,0.07815222,0.0
1500591428331,61396654,0.07815296,136.36513
1500591429047,61396655,0.07750011,1.301337
1500591430608,61396657,0.07815259,0.0
1500591431068,61396659,0.07436,76.24232
1500591431068,61396659,0.07349,132.59808
1500591431068,61396660,0.07815333,98.233285
1500591434298,61396661,0.07815333,0.0
1500591434632,61396662,0.07827186,98.068291
1500591436474,61396664,0.07831885,0.0
1500591436474,61396664,0.07824534,382.011504
1500591436676,61396665,0.07436,46.87103
1500591436676,61396665,0.07349,164.94969
1500591437387,61396667,0.07817952,210.818869
1500591437387,61396667,0.07827149,0.0
1500591440102,61396670,0.07815296,0.0
1500591440465,61396671,0.07827223,136.164802
1500591441348,61396672,0.07832832,210.418377
1500591441348,61396672,0.07817952,0.0
1500591442191,61396673,0.07436,0.0
1500591442191,61396673,0.07349,214.86477
1500591442294,61396674,0.07827186,0.0
1500591442632,61396676,0.0782726,98.068027
1500591442879,61396677,0.07804,0.0
1500591443083,61396678,0.07802,1.0
1500591444788,61396679,0.078802,0.0
1500591446289,61396680,0.0782726,0.0
1500591446556,61396681,0.07807537,98.247434
1500591447889,61396684,0.07435,170.67176
1500591447889,61396684,0.07349,322.35784
1500591448162,61396685,0.07827223,0.0
1500591448389,61396686,0.07807574,136.431544
1500591450227,61396687,0.07807276,382.855942
1500591450227,61396687,0.07824534,0.0
1500591450279,61396688,0.07807537,0.0
1500591450544,61396689,0.07807611,98.210131
1500591451776,61396692,0.0788389,0.0
1500591451776,61396692,0.07868122,6.476733
1500591452057,61396693,0.07807574,0.0
1500591452280,61396694,0.07802,0.0
1500591452281,61396695,0.07807648,136.389615
1500591452619,61396696,0.07798,1.0
1500591452619,61396697,0.0780952,84.933453
1500591452619,61396697,0.07822055,0.0
1500591453406,61396698,0.07435,97.18714
1500591453406,61396698,0.07349,398.33559
1500591454259,61396700,0.07807611,0.0
1500591454736,61396701,0.07809557,98.212035
1500591456128,61396702,0.07807648,0.0
1500591456356,61396704,0.07809594,136.434467
1500591458373,61396705,0.07809557,0.0
1500591458882,61396706,0.07809631,98.212035
1500591460065,61396707,0.07809594,0.0
1500591460089,61396708,0.07435,0.0
1500591460089,61396708,0.07328,100.44852
1500591460333,61396709,0.07809668,136.434467
1500591460530,61396710,0.06524,68.95901
1500591460530,61396710,0.06391,41.7461
1500591460894,61396711,0.07798,0.0
1500591461115,61396712,0.07786,1.0
1500591462484,61396713,0.06524,32.96202
1500591462484,61396713,0.06391,81.59356
1500591462512,61396714,0.07809631,0.0
1500591462750,61396715,0.07809705,98.237127
1500591463398,61396716,0.07328,200.08144
1500591463398,61396716,0.07434,465.22054
1500591464042,61396717,0.07809668,0.0
1500591464622,61396718,0.07809742,136.451996
1500591464738,61396719,0.0780952,0.0
1500591464738,61396719,0.07792986,85.113652
1500591464755,61396720,0.0781696,210.845623
1500591464755,61396720,0.07832832,0.0
1500591466278,61396725,0.07809705,0.0
1500591466507,61396726,0.07809779,98.311636
1500591467109,61396727,0.078579,0.2
1500591467243,61396728,0.07326,105.97141
1500591467243,61396728,0.07434,361.71479
1500591468043,61396731,0.07809742,0.0
1500591468277,61396732,0.07809816,136.508196
1500591468329,61396733,0.0781696,0.0
1500591468329,61396733,0.07798772,211.337349
1500591469442,61396734,0.07750011,0.0
1500591470284,61396736,0.07809779,0.0
1500591470391,61396737,0.07786,0.0
1500591470829,61396738,0.07793,1.0
1500591470830,61396739,0.07800576,85.030836
1500591470830,61396739,0.07792986,0.0
1500591470830,61396740,0.07809853,98.310784
1500591471159,61396741,0.07798054,383.308708
1500591471159,61396741,0.07807276,0.0
1500591472344,61396744,0.07798772,0.0
1500591472344,61396744,0.07814976,210.89915
1500591472934,61396745,0.07326,256.83035
1500591472934,61396745,0.07434,214.10955
1500591474572,61396748,0.07792011,85.124302
1500591474572,61396748,0.07800576,0.0
1500591475110,61396750,0.07868122,4.476733
1500591476335,61396753,0.0779712,211.382125
1500591476335,61396753,0.07814976,0.0
1500591478926,61396755,0.07326,380.41888
1500591478926,61396755,0.07434,93.63336
1500591479337,61396759,0.07735139,1.306147
1500591484355,61396761,0.07750001,0.0
1500591484493,61396762,0.07643252,0.0
1500591484753,61396763,0.07707001,124.687
1500591484912,61396764,0.07578357,124.687
1500591485170,61396765,0.07314,70.32452
1500591485170,61396765,0.07434,25.70982
1500591487687,61396767,0.07793,0.0
1500591487874,61396768,0.07774,1.0
1500591488554,61396769,0.07792011,0.0
1500591488554,61396769,0.07802923,85.00526
1500591489312,61396770,0.07735139,0.0
1500591489376,61396771,0.0779712,0.0
1500591489376,61396771,0.07814976,210.89915
1500591491077,61396774,0.07314,98.03454
1500591491077,61396774,0.07434,0.0
1500591494667,61396778,0.074,0.408917
1500591494667,61396778,0.07314,181.86926
1500591496834,61396780,0.06524,0.0
1500591496834,61396780,0.0639,36.31951
1500591496834,61396781,0.07808032,211.086711
1500591496834,61396781,0.07814976,0.0
1500591499339,61396787,0.07735139,1.306147
1500591499674,61396789,0.07314,253.45959
1500591499674,61396789,0.0743,59.1212
1500591502052,61396791,0.078579,0.0
1500591503148,61396792,0.07791069,383.652359
1500591503148,61396792,0.07798054,0.0
1500591504707,61396794,0.07774,0.0
1500591504954,61396797,0.07766,1.0
1500591505583,61396798,0.07314,313.93612
1500591505583,61396798,0.0743,0.0
1500591506565,61396799,0.07802923,0.0
1500591506565,61396799,0.07796277,85.077723
1500591508113,61396801,0.07809816,0.0
1500591508342,61396802,0.07800037,136.617397
1500591509557,61396805,0.07735139,0.0
1500591510302,61396807,0.07809853,0.0
1500591510855,61396808,0.07800074,98.384807
1500591511417,61396809,0.07428,322.00149
1500591511417,61396809,0.07313,91.71964
1500591512105,61396811,0.07800037,0.0
1500591512406,61396812,0.07800111,136.615666
1500591512533,61396813,0.07796277,0.0
1500591512533,61396813,0.07789978,85.146517
1500591513571,61396815,0.07766,0.0
1500591513771,61396816,0.07758,1.0
1500591514441,61396817,0.07800074,0.0
1500591514756,61396818,0.07800148,98.384807
1500591515966,61396819,0.07791069,0.0
1500591515966,61396819,0.07780782,384.159588
1500591516045,61396820,0.07800111,0.0
1500591516418,61396821,0.07800185,136.635881
1500591517256,61396822,0.07425,318.71114
1500591517317,61396824,0.07424,470.84307
1500591518262,61396826,0.07800148,0.0
1500591518579,61396828,0.07800222,98.40233
1500591519434,61396829,0.07735139,1.306147
1500591520252,61396831,0.0775,0.0
1500591520263,61396832,0.07800185,0.0
1500591520779,61396833,0.07800259,136.635881
1500591521366,61396834,0.07428,261.14488
1500591521366,61396834,0.07313,154.38316
1500591522302,61396835,0.07800222,0.0
1500591523088,61396836,0.07800296,98.428463
1500591523530,61396837,0.07781834,85.235627
1500591523530,61396837,0.07789978,0.0
1500591523563,61396838,0.07543,59.17946
1500591524041,61396839,0.07800259,0.0
1500591524370,61396840,0.07800333,136.666405
1500591524557,61396841,0.07311,29.58973
1500591524964,61396843,0.07780782,0.0
1500591524964,61396843,0.07773899,384.499722
1500591525714,61396844,0.07001,15.57354
1500591526236,61396846,0.07800296,0.0
1500591526463,61396847,0.0780037,98.435474
1500591528114,61396848,0.07800333,0.0
1500591528581,61396849,0.07781871,136.682376
1500591528717,61396850,0.07781834,0.0
1500591528717,61396850,0.07788886,85.158455
1500591528880,61396851,0.07543,0.0
1500591528880,61396851,0.07298,64.01421
1500591529630,61396853,0.07735139,0.0
1500591529739,61396854,0.07411,355.415733
1500591530624,61396855,0.07758,0.0
1500591530644,61396856,0.06379,32.29305
1500591530644,61396856,0.06518,0.0
1500591531147,61396857,0.0776,1.0
1500591531354,61396858,0.07763488,212.297848
1500591531354,61396858,0.07808032,0.0
1500591532047,61396860,0.07781871,0.0
1500591532391,61396861,0.07800407,136.672628
1500591532452,61396863,0.06379,54.96538
1500591532452,61396863,0.06517,30.51652
1500591532781,61396865,0.07788886,0.0
1500591532781,61396865,0.07769094,85.375399
1500591534283,61396868,0.0780037,0.0
1500591534509,61396869,0.07800444,98.433573
1500591535409,61396870,0.07763488,0.0
1500591535409,61396870,0.0780208,211.247744
1500591536035,61396873,0.07800407,0.0
1500591536511,61396874,0.07807537,136.534072
1500591536511,61396875,0.07428,160.63043
1500591536511,61396875,0.07298,168.78896
1500591536534,61396876,0.07769094,0.0
1500591536534,61396876,0.07777946,85.278234
1500591538064,61396878,0.07780802,384.1586
1500591538064,61396878,0.07773899,0.0
1500591538358,61396880,0.07800444,0.0
1500591538722,61396881,0.07807574,98.33418
1500591538736,61396882,0.07788242,85.165497
1500591538736,61396882,0.07777946,0.0
1500591539634,61396886,0.07735139,1.306147
1500591540049,61396887,0.07868122,0.0
1500591540053,61396888,0.07807537,0.0
1500591540434,61396890,0.07807611,136.534072
1500591541688,61396892,0.07762332,212.329465
1500591541688,61396892,0.0780208,0.0
1500591542194,61396894,0.07428,56.79054
1500591542194,61396894,0.07286,107.91783
1500591544362,61396897,0.07762332,0.0
1500591544362,61396897,0.07790176,211.570547
1500591546289,61396898,0.07807574,0.0
1500591546511,61396899,0.07790213,98.482294
1500591547701,61396900,0.07428,0.0
1500591547701,61396900,0.07286,168.20467
1500591547800,61396901,0.07328,200.18144
1500591548054,61396902,0.07807611,0.0
1500591548370,61396903,0.0779025,136.742714
1500591548564,61396904,0.0776,0.0
1500591548933,61396905,0.07754,1.0
1500591549738,61396906,0.07735139,0.0
1500591550531,61396907,0.07768252,85.384652
1500591550531,61396907,0.07788242,0.0
1500591550840,61396908,0.07790213,0.0
1500591551110,61396909,0.07790287,98.482294
1500591552083,61396911,0.0779025,0.0
1500591552238,61396912,0.07836799,0.862155
1500591552238,61396912,0.0785,0.0
1500591552238,61396912,0.07852888,0.0
1500591552313,61396913,0.07790324,136.74855
1500591553417,61396915,0.0775744,212.463364
1500591553417,61396915,0.07790176,0.0
1500591553492,61396917,0.07285,74.66456
1500591553492,61396917,0.07425,247.49335
1500591554265,61396919,0.07790287,0.0
1500591554600,61396920,0.07790361,98.520217
1500591555675,61396921,0.07836799,0.0
1500591556045,61396922,0.07790324,0.0
1500591556477,61396923,0.07790398,136.820748
1500591557119,61396924,0.07765392,384.920942
1500591557119,61396924,0.07780802,0.0
1500591557568,61396925,0.07255396,0.0
1500591557568,61396925,0.07185752,143.562418
1500591558274,61396927,0.07790361,0.0
1500591558576,61396928,0.07790435,98.520217
1500591559118,61396929,0.07754,0.0
1500591559365,61396930,0.07744,1.0
1500591559376,61396931,0.07745338,212.795335
1500591559376,61396931,0.0775744,0.0
1500591559509,61396932,0.07285,192.21033
1500591559509,61396932,0.07425,134.39501
1500591559602,61396933,0.07768252,0.0
1500591559602,61396933,0.07755258,85.527715
1500591559822,61396934,0.07707011,1.315293
1500591560031,61396936,0.07790398,0.0
1500591560263,61396938,0.07790472,136.820709
1500591561259,61396940,0.07807501,0.862155
1500591561926,61396942,0.07807501,1.462155
1500591562331,61396943,0.07790435,0.0
1500591562554,61396945,0.07790509,98.535364
1500591562964,61396946,0.07765392,0.0
1500591562964,61396946,0.07747867,385.7916
1500591564047,61396950,0.07790472,0.0
1500591564301,61396951,0.07790546,136.831246
1500591566100,61396954,0.06378,14.55519
1500591566100,61396954,0.06517,19.94872
1500591566113,61396955,0.07285,256.75798
1500591566113,61396955,0.07425,73.8834
1500591566251,61396956,0.07790509,0.0
1500591566498,61396957,0.07780037,98.587569
1500591566570,61396958,0.07808,2.69
1500591567474,61396959,0.06378,38.49131
1500591567474,61396959,0.06517,0.0
1500591568043,61396961,0.07790546,0.0
1500591568096,61396962,0.07744,0.0
1500591568334,61396963,0.07731,1.0
1500591568335,61396964,0.07780074,136.88587
1500591570544,61396965,0.07780037,0.0
1500591570825,61396967,0.07780111,98.587569
1500591571524,61396968,0.07285,336.37807
1500591571524,61396968,0.07425,0.0
1500591572067,61396969,0.07780074,0.0
1500591572313,61396970,0.07780148,136.88587
1500591573746,61396974,0.07807501,0.862155
1500591574825,61396975,0.07780111,0.0
1500591574853,61396976,0.07808001,0.6
1500591575063,61396977,0.07780185,98.587382
1500591576206,61396978,0.07780148,0.0
1500591576483,61396980,0.07780222,136.88587
1500591577067,61396982,0.07424,409.60787
1500591577067,61396982,0.07285,403.07822
1500591578407,61396984,0.07780185,0.0
1500591578823,61396985,0.07780259,98.587382
1500591580189,61396986,0.07780222,0.0
1500591580589,61396988,0.07780296,136.88587
1500591582395,61396989,0.07780259,0.0
1500591582567,61396990,0.07424,291.99465
1500591582567,61396990,0.07285,525.4869
1500591582677,61396991,0.07780333,98.637759
1500591584169,61396995,0.07780296,0.0
1500591584552,61396996,0.0778037,136.991001
1500591584588,61396997,0.07755258,0.0
1500591584588,61396997,0.07768898,85.567973
1500591585260,61396998,0.07807501,0.0
1500591586261,61396999,0.07780333,0.0
1500591586487,61397000,0.07780407,98.6571
1500591587275,61397001,0.07808001,0.0
1500591587986,61397002,0.07424,166.28739
1500591587986,61397002,0.07285,655.30012
1500591588062,61397003,0.0778037,0.0
1500591588705,61397004,0.07780444,136.88587
1500591590314,61397011,0.07780407,0.0
1500591590609,61397012,0.07808002,0.862099
1500591591121,61397013,0.07780481,98.587382
1500591592133,61397014,0.07780444,0.0
1500591592390,61397016,0.07780518,136.893164
1500591593515,61397017,0.07731,0.0
1500591593566,61397018,0.07424,114.22343
1500591593566,61397018,0.07285,711.19094
1500591593743,61397019,0.0773,1.0
1500591594340,61397020,0.07780481,0.0
1500591594755,61397021,0.07780555,98.588423
1500591595779,61397022,0.07780557,1.498151
1500591596073,61397023,0.07780518,0.0
1500591596580,61397024,0.07780594,136.885651
1500591598247,61397026,0.07780555,0.0
1500591598596,61397027,0.07780631,98.588423
1500591599153,61397028,0.07424,0.0
1500591599153,61397028,0.07285,828.7865
1500591599785,61397029,0.07808003,0.6
1500591600246,61397030,0.07780594,0.0
1500591600509,61397031,0.07780668,136.885651
1500591600755,61397032,0.07768898,0.0
1500591600755,61397032,0.07759891,85.667292
1500591602364,61397037,0.06496,0.0
1500591602364,61397037,0.06366,27.24471
1500591602495,61397038,0.07780631,0.0
1500591603126,61397039,0.07419,157.98476
1500591603126,61397039,0.07271,64.08216
1500591603301,61397040,0.07780705,98.587382
1500591604650,61397041,0.07767363,85.584883
1500591604650,61397041,0.07759891,0.0
1500591604650,61397042,0.07780668,0.0
1500591604727,61397043,0.06366,58.43555
1500591604727,61397043,0.06495,25.73575
1500591604855,61397044,0.07780742,136.899014
1500591606263,61397046,0.07780705,0.0
1500591606493,61397047,0.07780779,98.592165
1500591608089,61397050,0.07780742,0.0
1500591608356,61397051,0.07780816,136.917653
1500591610814,61397052,0.07419,94.54618
1500591610814,61397052,0.07271,130.22279
1500591611451,61397053,0.0773,0.0
1500591611878,61397054,0.07808003,0.0
1500591611903,61397055,0.07734,1.0
1500591612337,61397056,0.07780816,0.0
1500591612617,61397057,0.07767363,0.0
1500591612617,61397057,0.07750913,85.766522
1500591612692,61397058,0.07770037,137.034609
1500591612865,61397059,0.07780781,1.498108
1500591612865,61397059,0.07780557,0.0
1500591613351,61397060,0.07808003,0.14937
1500591614269,61397062,0.07808002,0.0
1500591616439,61397065,0.07808001,0.14937
1500591616439,61397065,0.07808003,0.0
1500591616570,61397066,0.07773014,85.522662
1500591616570,61397066,0.07750913,0.0
1500591617136,61397067,0.07419,0.0
1500591617136,61397067,0.07273,97.07335
1500591619650,61397069,0.07808004,0.862098
1500591620261,61397071,0.07770037,0.0
1500591620621,61397073,0.07773051,137.07892
1500591622048,61397074,0.07759374,385.219478
1500591622048,61397074,0.07747867,0.0
1500591622595,61397075,0.07773014,0.0
1500591622595,61397075,0.07764639,85.614908
1500591622647,61397076,0.07418,596.90075
1500591622647,61397076,0.07272,109.44927
1500591623397,61397078,0.07808001,0.0
1500591625461,61397082,0.07757936,226.607699
1500591625461,61397082,0.07745338,0.0
1500591626457,61397084,0.07780779,0.0
1500591626665,61397085,0.07764676,98.833488
1500591628076,61397086,0.07418,502.3426
1500591628076,61397086,0.07273,193.81314
1500591628076,61397087,0.07773051,0.0
1500591628306,61397088,0.07764713,137.258552
1500591629320,61397089,0.07734,0.0
1500591629362,61397090,0.07744544,226.999553
1500591629362,61397090,0.07757936,0.0
1500591629512,61397091,0.07731,1.0
1500591630052,61397092,0.07752678,385.552193
1500591630052,61397092,0.07759374,0.0
1500591630123,61397093,0.07780002,1.498258
1500591630123,61397093,0.07780781,0.0
1500591630359,61397094,0.07764676,0.0
1500591630627,61397096,0.0776475,98.882754
1500591630627,61397097,0.07764639,0.0
1500591630627,61397097,0.0775248,85.749186
1500591631465,61397099,0.07418,419.98062
1500591631465,61397099,0.07273,278.19453
1500591631482,61397100,0.077937,0.14
1500591632094,61397102,0.07764713,0.0
1500591632386,61397103,0.07752715,137.303383
1500591633189,61397104,0.07746032,385.882992
1500591633189,61397104,0.07752678,0.0
1500591633428,61397105,0.077937,0.0
1500591634357,61397108,0.0776475,0.0
1500591634681,61397109,0.07752752,98.882754
1500591635146,61397110,0.077937,0.2
1500591636215,61397112,0.07752715,0.0
1500591636649,61397113,0.07752789,137.33055
1500591637667,61397115,0.07418,346.03863
1500591637667,61397115,0.07272,185.22016
1500591638316,61397117,0.06354,28.74775
1500591638316,61397117,0.06495,0.0
1500591638317,61397118,0.07752752,0.0
1500591638330,61397119,0.07744544,0.0
1500591638330,61397119,0.0775744,226.622188
1500591638437,61397120,0.07731,0.0
1500591638594,61397121,0.07752826,98.895498
1500591638856,61397122,0.0773,1.0
1500591639000,61397123,0.07746032,0.0
1500591639000,61397123,0.07752728,385.549706
1500591639667,61397125,0.0775248,0.0
1500591639667,61397125,0.07737749,85.912434
1500591639790,61397126,0.06354,82.56071
1500591639790,61397126,0.06489,0.0
1500591640156,61397127,0.07752789,0.0
1500591640385,61397129,0.07757477,137.33055
1500591642260,61397132,0.07752826,0.0
1500591642364,61397133,0.077376,227.20327
1500591642364,61397133,0.0775744,0.0
1500591642493,61397135,0.07757514,98.90172
1500591643225,61397139,0.07418,268.11033
1500591643225,61397139,0.07272,264.62986
1500591643633,61397141,0.077937,0.0
1500591644103,61397143,0.07707001,0.0
1500591644104,61397144,0.07757477,0.0
1500591644409,61397145,0.07808004,0.0
1500591644475,61397146,0.07757551,137.337206
1500591644756,61397147,0.07600004,124.687
1500591646616,61397148,0.077376,0.0
1500591646616,61397148,0.07757837,226.610591
1500591646617,61397149,0.07757514,0.0
1500591647112,61397150,0.07757588,98.900804
1500591647558,61397152,0.07751141,85.763999
1500591647558,61397152,0.07737749,0.0
1500591647725,61397153,0.07780002,0.0
1500591647725,61397153,0.07770002,1.500187
1500591648129,61397154,0.07757551,0.0
1500591648364,61397155,0.07757874,137.336589
1500591649890,61397157,0.07808001,0.862098
1500591650319,61397158,0.07808,0.0
1500591650354,61397159,0.07757588,0.0
1500591650804,61397160,0.07757911,98.884395
1500591652231,61397163,0.07757874,0.0
1500591652396,61397164,0.07738096,117.157723
1500591652898,61397165,0.07751141,0.0
1500591652898,61397165,0.07758388,85.683888
1500591653281,61397166,0.07757948,137.317545
1500591653534,61397167,0.07418,190.80129
1500591653534,61397167,0.07272,343.30506
1500591654303,61397171,0.07757911,0.0
1500591654626,61397172,0.07758425,98.884395
1500591655665,61397173,0.0773,0.0
1500591655862,61397174,0.07726,1.0
1500591656153,61397175,0.07757948,0.0
1500591656380,61397176,0.07758462,137.373321
1500591658281,61397177,0.07758425,0.0
1500591658610,61397178,0.07758499,98.883874
1500591659528,61397180,0.07411,300.325853
1500591659742,61397181,0.07418,80.10379
1500591659742,61397181,0.07273,390.06334
1500591660065,61397182,0.07758462,0.0
1500591660278,61397184,0.07707011,0.0
1500591660294,61397186,0.07758536,137.373394
1500591661336,61397187,0.07757837,0.0
1500591661336,61397187,0.0773889,227.165398
1500591664970,61397190,0.07743205,386.023876
1500591664970,61397190,0.07752728,0.0
1500591665417,61397191,0.07808001,0.0
1500591665417,61397191,0.078075,2.889644
1500591665613,61397192,0.07418,0.0
1500591665613,61397192,0.07258,86.7971
1500591666330,61397194,0.07758499,0.0
1500591666453,61397195,0.078075,0.846217
1500591666534,61397196,0.07758388,0.0
1500591666534,61397196,0.07740133,85.885973
1500591666553,61397197,0.07758573,98.950387
1500591667399,61397198,0.07415,363.71792
1500591667399,61397198,0.0734,140.75866
1500591668170,61397200,0.07758536,0.0
1500591668406,61397201,0.07743242,137.438054
1500591670362,61397202,0.0770701,1.315294
1500591670951,61397203,0.07758573,0.0
1500591671183,61397205,0.07743279,98.941047
1500591671332,61397206,0.0734,0.0
1500591671332,61397206,0.07259,146.68041
1500591671667,61397207,0.07745338,117.048179
1500591671667,61397207,0.07738096,0.0
1500591672169,61397208,0.07743242,0.0
1500591672424,61397209,0.07745375,137.383186
1500591674453,61397211,0.07743279,0.0
1500591674720,61397212,0.07745412,98.940895
1500591674730,61397213,0.07415,234.07191
1500591674730,61397213,0.07259,282.13614
1500591676052,61397215,0.07745375,0.0
1500591676277,61397217,0.07745449,137.383186
1500591678340,61397221,0.07745412,0.0
1500591678578,61397222,0.07745486,98.934691
1500591680094,61397223,0.07745449,0.0
1500591680288,61397224,0.0770701,0.0
1500591680315,61397225,0.07745523,137.402157
1500591680490,61397226,0.07415,111.78754
1500591680490,61397226,0.07258,213.34622
1500591680783,61397227,0.07770002,0.0
1500591680783,61397227,0.07780002,1.498258
1500591681323,61397228,0.07726,0.0
1500591681605,61397229,0.07723,1.0
1500591682127,61397230,0.07807501,0.6
1500591683000,61397232,0.07725801,386.893476
1500591683000,61397232,0.07743205,0.0
1500591685992,61397238,0.07415,0.0
1500591685992,61397238,0.07258,328.79022
1500591685993,61397239,0.07807501,0.380265
1500591687462,61397241,0.0773264,227.349007
1500591687462,61397241,0.0773889,0.0
1500591690411,61397243,0.07723,0.0
1500591690435,61397244,0.07600014,1.350705
1500591690747,61397245,0.07728027,86.020514
1500591690747,61397245,0.07740133,0.0
1500591690818,61397246,0.07717,1.0
1500591691437,61397247,0.07412,151.47832
1500591691437,61397247,0.07258,459.66331
1500591692429,61397249,0.07578357,0.0
1500591692854,61397250,0.07518772,124.687
1500591694617,61397252,0.07728027,0.0
1500591694617,61397252,0.07741915,85.866204
1500591696086,61397256,0.07745523,0.0
1500591696323,61397257,0.07725838,137.968632
1500591697060,61397258,0.07412,50.3024
1500591697060,61397258,0.07258,564.62551
1500591698048,61397259,0.07725801,0.0
1500591698048,61397259,0.07739652,386.201086
1500591698250,61397260,0.07745486,0.0
1500591698591,61397261,0.07717037,99.40745
1500591698591,61397262,0.07724296,86.062063
1500591698591,61397262,0.07741915,0.0
1500591700155,61397265,0.07717,0.0
1500591701249,61397266,0.07719,1.0
1500591702432,61397268,0.07717037,0.0
1500591702666,61397269,0.07725875,99.344547
1500591702666,61397270,0.07412,0.0
1500591702666,61397270,0.07258,618.34502
1500591703964,61397271,0.07739652,0.0
1500591703964,61397271,0.07728573,386.754709
1500591704050,61397272,0.07725838,0.0
1500591704287,61397274,0.07725912,137.933593
1500591705531,61397277,0.07807501,0.0
1500591705681,61397278,0.06474,0.0
1500591705681,61397278,0.06342,48.93236
1500591707072,61397281,0.06471,25.63857
1500591707072,61397281,0.06342,96.59251
1500591708127,61397284,0.07258,701.66962
1500591708127,61397284,0.07411,220.063993
1500591709515,61397286,0.07719,0.0
1500591709786,61397287,0.07717,1.0
1500591710269,61397288,0.07725875,0.0
1500591710630,61397289,0.07717037,99.444698
1500591710652,61397290,0.07724296,0.0
1500591710652,61397290,0.07738497,85.90413
1500591712597,61397293,0.07725912,0.0
1500591713172,61397294,0.07717074,138.077086
1500591713476,61397295,0.07258,843.2504
1500591713476,61397295,0.07411,81.182043
1500591713840,61397297,0.07780002,0.0
1500591713840,61397297,0.07770002,1.500187
1500591714345,61397301,0.07717037,0.0
1500591715186,61397302,0.07707037,99.571422
1500591715189,61397303,0.07726638,86.035977
1500591715189,61397303,0.07738497,0.0
1500591716029,61397305,0.07717074,0.0
1500591716260,61397306,0.07707074,138.251945
1500591718353,61397308,0.07707037,0.0
1500591718741,61397309,0.07707111,99.564086
1500591719938,61397311,0.07258,926.53688
1500591719938,61397311,0.07411,0.543333
1500591720100,61397312,0.078075,0.626217
1500591720286,61397313,0.07707074,0.0
1500591720750,61397314,0.07717037,138.114147
1500591722248,61397315,0.077626,0.2
1500591722260,61397316,0.07707111,0.0
1500591722485,61397318,0.07717074,99.460729
1500591725405,61397321,0.07716024,86.154327
1500591725405,61397321,0.07726638,0.0
1500591726168,61397323,0.07409,0.0
1500591726168,61397323,0.07243,99.41276
1500591726413,61397324,0.07717037,0.0
1500591726633,61397325,0.07717111,138.111391
1500591727355,61397326,0.07717,0.0
1500591727382,61397327,0.07719744,227.728798
1500591727382,61397327,0.0773264,0.0
1500591727715,61397328,0.07708,1.0
1500591730594,61397330,0.07717074,0.0
1500591730821,61397331,0.07719781,99.459401
1500591732058,61397333,0.07717111,0.0
1500591732081,61397334,0.07770002,0.0
1500591732081,61397334,0.0774534,1.504963
1500591732110,61397335,0.07385,217.13697
1500591732110,61397335,0.07243,169.62512
1500591732353,61397337,0.07700037,138.441279
1500591734275,61397339,0.07719781,0.0
1500591734516,61397340,0.07700074,99.675393
1500591734986,61397341,0.07728573,0.0
1500591734986,61397341,0.07717115,387.328944
1500591735553,61397342,0.07745338,0.0
1500591736137,61397344,0.07700037,0.0
1500591736363,61397346,0.07700111,138.441279
1500591736864,61397348,0.07708,0.0
1500591737084,61397349,0.07709,1.0
1500591738375,61397351,0.07385,147.32252
1500591738375,61397351,0.07244,72.09511
1500591738377,61397352,0.07700074,0.0
1500591739133,61397353,0.07600051,99.777559
1500591740971,61397355,0.06471,0.0
1500591740971,61397355,0.06342,125.15143
1500591742314,61397358,0.07600051,0.0
1500591743017,61397360,0.07700148,99.647712
1500591743041,61397361,0.07711808,117.55709
1500591744110,61397364,0.07700111,0.0
1500591744366,61397366,0.07700185,138.36935
1500591744473,61397368,0.07385,53.76773
1500591744473,61397368,0.07244,167.59987
1500591746121,61397369,0.0778,1.5
1500591746121,61397369,0.0736,150.00189
1500591746373,61397370,0.07700148,0.0
1500591746449,61397371,0.07709,0.0
1500591746609,61397372,0.07700222,99.647712
1500591746639,61397373,0.07691,1.0
1500591748238,61397374,0.07700185,0.0
1500591748385,61397375,0.07385,0.0
1500591748385,61397375,0.07244,223.2252
1500591748616,61397376,0.07700259,138.364691
1500591749149,61397377,0.0774534,0.0
1500591749149,61397377,0.07735131,1.50695
1500591750264,61397378,0.07700222,0.0
1500591750497,61397379,0.07700296,99.648078
1500591750549,61397380,0.07600014,0.0
1500591750665,61397381,0.07700003,117.737319
1500591750665,61397381,0.07711808,0.0
1500591750829,61397382,0.07600061,1.350697
1500591752133,61397386,0.07700259,0.0
1500591752473,61397387,0.07700333,138.342465
1500591754265,61397388,0.07700296,0.0
1500591754273,61397389,0.07196,89.43642
1500591754273,61397389,0.07374,163.80986
1500591754596,61397390,0.07706541,99.633464
1500591755082,61397391,0.077626,0.0
1500591755217,61397392,0.078075,0.428717
1500591757043,61397393,0.07700333,0.0
1500591757043,61397394,0.07719744,0.0
1500591757043,61397394,0.07710816,227.992475
1500591757060,61397395,0.07691,0.0
1500591757348,61397396,0.07707037,138.189211
1500591757348,61397397,0.07686,1.0
1500591758448,61397399,0.07706541,0.0
1500591758615,61397400,0.0770541,86.273002
1500591758615,61397400,0.07716024,0.0
1500591759043,61397401,0.07710853,99.550817
1500591759365,61397402,0.078075,0.000717
1500591759925,61397404,0.07197,93.32039
1500591759925,61397404,0.07374,72.22874
1500591760038,61397406,0.07707037,0.0
1500591760554,61397407,0.0771089,138.189211
1500591760937,61397408,0.07600061,0.0
1500591762262,61397411,0.07710853,0.0
1500591762558,61397412,0.07717152,99.480278
1500591762558,61397413,0.0770541,0.0
1500591762558,61397413,0.07713346,86.184238
1500591763729,61397414,0.07724841,117.358753
1500591763729,61397414,0.07700003,0.0
1500591764073,61397415,0.0771089,0.0
1500591764501,61397416,0.07717189,138.125301
1500591765336,61397419,0.07197,167.80841
1500591765336,61397419,0.07374,0.0
1500591766297,61397420,0.07717152,0.0
1500591766548,61397422,0.07717226,99.480278
1500591767935,61397423,0.07725765,86.045699
1500591767935,61397423,0.07713346,0.0
1500591767975,61397424,0.077453,0.14
1500591768014,61397425,0.078075,0.0
1500591768068,61397426,0.07717189,0.0
1500591768377,61397427,0.07706541,138.334038
1500591770925,61397430,0.07717226,0.0
1500591770928,61397432,0.07600014,1.350705
1500591771174,61397433,0.07707037,99.625988
1500591771603,61397435,0.07197,228.02894
1500591771603,61397435,0.07373,0.0
1500591771838,61397437,0.077453,0.0
1500591773025,61397439,0.077453,0.14
1500591775274,61397440,0.07686,0.0
1500591775476,61397441,0.07683,1.0
1500591776015,61397442,0.077453,0.0
1500591777079,61397443,0.07361,536.22945
1500591777079,61397443,0.07197,268.72287
1500591777328,61397444,0.078,5.69
1500591779274,61397445,0.07707037,0.0
1500591779366,61397446,0.07703949,228.195699
1500591779366,61397446,0.07710816,0.0
1500591779503,61397447,0.07683037,99.737651
1500591780099,61397449,0.07706541,0.0
1500591780340,61397451,0.07683074,138.498303
1500591781608,61397453,0.07725765,0.0
1500591781608,61397453,0.07715,86.165762
1500591782677,61397455,0.07361,478.22494
1500591782677,61397455,0.07181,59.49511
1500591783255,61397457,0.07683037,0.0
1500591783331,61397458,0.07703949,0.0
1500591783331,61397458,0.07715478,227.854713
1500591783550,61397460,0.07683111,99.737651
1500591785166,61397462,0.07683074,0.0
1500591785415,61397463,0.07724841,0.0
1500591785415,61397463,0.0770784,117.617608
1500591785723,61397464,0.07683148,138.498303
1500591787267,61397468,0.07683111,0.0
1500591787378,61397469,0.07702104,228.250362
1500591787378,61397469,0.07715478,0.0
1500591787548,61397470,0.07500037,102.357705
1500591788108,61397471,0.07683148,0.0
1500591788353,61397472,0.07361,386.17504
1500591788353,61397472,0.07181,153.01449
1500591788758,61397473,0.07518809,141.396932
1500591789842,61397477,0.07704922,86.278466
1500591789842,61397477,0.07715,0.0
1500591791427,61397480,0.07691968,228.551136
1500591791427,61397480,0.07702104,0.0
1500591791493,61397481,0.07500037,0.0
1500591791722,61397482,0.07518846,101.768067
1500591792172,61397483,0.07518809,0.0
1500591792283,61397484,0.075,37.0
1500591792415,61397486,0.07518883,141.465363
1500591793241,61397487,0.07683,0.0
1500591793420,61397488,0.07675,1.0
1500591793428,61397489,0.078,5.178705
1500591794227,61397490,0.078,4.247962
1500591794306,61397491,0.07361,309.62361
1500591794306,61397491,0.07181,230.89212
1500591794425,61397492,0.0768304,228.816722
1500591794425,61397492,0.07691968,0.0
1500591795419,61397494,0.07518846,0.0
1500591795937,61397495,0.0751892,101.768067
1500591796871,61397501,0.078,4.099214
1500591797153,61397502,0.078,3.161735
1500591797581,61397503,0.07691621,86.427666
1500591797581,61397503,0.07704922,0.0
1500591798439,61397506,0.0768304,0.0
1500591798439,61397506,0.07665933,229.32734
1500591798786,61397508,0.07108606,145.2108
1500591798786,61397508,0.07185752,0.0
1500591798786,61397509,0.07693446,117.837664
1500591798786,61397509,0.0770784,0.0
1500591800125,61397511,0.07518883,0.0
1500591800332,61397512,0.07510037,141.911225
1500591800778,61397513,0.07361,163.61849
1500591800778,61397513,0.07181,378.06345
1500591800786,61397514,0.078,2.59913
1500591802218,61397517,0.07675,0.0
1500591802334,61397518,0.0767312,229.112541
1500591802334,61397518,0.07665933,0.0
1500591802423,61397519,0.07669,1.0
1500591802491,61397520,0.078,0.0
1500591802491,61397520,0.0778,1.09913
1500591802535,61397521,0.0778,0.0
1500591802734,61397522,0.074,1.908917
1500591803147,61397525,0.07717115,0.0
1500591803147,61397525,0.0769921,388.229702
1500591803779,61397526,0.07683437,86.519724
1500591803779,61397526,0.07691621,0.0
1500591804056,61397527,0.0751892,0.0
1500591804282,61397531,0.07510074,102.14862
1500591804976,61397534,0.07735131,0.0
1500591804976,61397534,0.07707002,1.51245
1500591806332,61397535,0.0767312,0.0
1500591806332,61397535,0.07664192,229.379434
1500591806480,61397536,0.07326,274.44747
1500591806641,61397537,0.07361,0.0
1500591806641,61397537,0.07181,546.97989
1500591807534,61397538,0.07683437,0.0
1500591807534,61397538,0.07704532,86.282833
1500591808047,61397539,0.07510037,0.0
1500591808059,61397540,0.07604,56.85157
1500591808265,61397541,0.07510074,0.0
1500591808272,61397542,0.07518809,141.782128
1500591808621,61397543,0.07518809,243.792894
1500591809295,61397545,0.07707003,0.187321
1500591809339,61397546,0.0742,29.19405
1500591810399,61397547,0.07664192,0.0
1500591810399,61397547,0.07690679,228.589442
1500591811135,61397549,0.07669,0.0
1500591811411,61397550,0.07665,1.0
1500591811547,61397551,0.0777,0.0
1500591811547,61397551,0.07735129,0.589709
1500591811757,61397553,0.07600004,0.0
1500591812085,61397554,0.07518809,102.010766
1500591812312,61397555,0.07518809,0.0
1500591812353,61397556,0.07510037,141.853813
1500591812424,61397557,0.07480208,124.687
1500591812584,61397558,0.07518846,102.010766
1500591812974,61397559,0.07518772,0.0
1500591813476,61397560,0.07330155,124.687
1500591813963,61397561,0.077403,0.2
1500591814587,61397562,0.07707003,0.0
1500591814588,61397563,0.07690679,0.0
1500591814588,61397563,0.0767312,229.112541
1500591815283,61397564,0.07480208,0.0
1500591815409,61397565,0.07330155,0.0
1500591815678,61397566,0.07686264,86.487902
1500591815678,61397566,0.07704532,0.0
1500591815678,61397568,0.07550001,124.687
1500591816251,61397570,0.07445174,124.687
1500591816259,61397571,0.07518846,0.0
1500591816505,61397572,0.07510074,101.99527
1500591817176,61397574,0.07550001,0.0
1500591817592,61397575,0.07445174,0.0
1500591817633,61397576,0.07453988,124.687
1500591817665,61397577,0.07678332,118.069615
1500591817665,61397577,0.07693446,0.0
1500591817963,61397578,0.0769921,0.0
1500591817963,61397578,0.07684505,388.972615
1500591818078,61397580,0.0730446,124.687
1500591819490,61397583,0.0767312,0.0
1500591819490,61397583,0.07690679,228.589442
1500591820039,61397584,0.07510037,0.0
1500591820257,61397585,0.07510111,141.678673
1500591820685,61397586,0.07665,0.0
1500591821031,61397588,0.07662,1.0
1500591821478,61397589,0.07600014,0.0
1500591821532,61397590,0.0769849,86.350551
1500591821532,61397590,0.07686264,0.0
1500591821805,61397591,0.0760401,1.350074
1500591822013,61397593,0.07453988,0.0
1500591822057,61397594,0.0730446,0.0
1500591822461,61397595,0.07550002,124.687
1500591822827,61397597,0.07406161,124.687
1500591823299,61397598,0.07550002,0.0
1500591823377,61397599,0.07406161,0.0
1500591823795,61397600,0.07489174,124.687
1500591824405,61397601,0.0733894,124.687
1500591824626,61397602,0.07510074,0.0
1500591825410,61397605,0.07510148,101.795655
1500591828049,61397610,0.07510111,0.0
1500591828371,61397613,0.07510148,0.0
1500591828371,61397614,0.07550037,140.984829
1500591828748,61397616,0.07550037,242.224884
1500591830888,61397617,0.07689027,117.905387
1500591830888,61397617,0.07678332,0.0
1500591830889,61397618,0.07662,0.0
1500591831096,61397619,0.0766,1.0
1500591832155,61397623,0.0760401,0.0
1500591832496,61397624,0.07550037,101.240055
1500591832683,61397625,0.07550037,0.0
1500591832746,61397626,0.07550074,141.04387
1500591832981,61397627,0.07550074,242.475791
1500591833073,61397628,0.07691651,388.611236
1500591833073,61397628,0.07684505,0.0
1500591836475,61397634,0.07550074,141.04387
1500591836481,61397635,0.07550074,0.0
1500591836862,61397636,0.07550111,101.052443
1500591836867,61397637,0.07550111,242.096313
1500591837340,61397638,0.07604,0.0
1500591837340,61397638,0.07189,62.93626
1500591839967,61397640,0.0766,0.0
1500591840060,61397641,0.07550111,101.052443
1500591840183,61397642,0.07663,1.0
1500591840259,61397643,0.07550111,0.0
1500591840306,61397644,0.07550148,140.338507
1500591840481,61397646,0.07550148,241.509169
1500591841030,61397648,0.0760401,1.349364
1500591841875,61397651,0.07699904,117.738832
1500591841875,61397651,0.07689027,0.0
1500591844351,61397653,0.07550148,140.338507
1500591845047,61397655,0.07550185,101.170662
1500591845052,61397657,0.07550148,0.0
1500591845523,61397659,0.07172,34.73112
1500591845523,61397659,0.0742,0.0
1500591845632,61397660,0.07550185,241.658297
1500591845685,61397662,0.0769849,0.0
1500591845685,61397662,0.0770536,86.273562
1500591845731,61397663,0.077403,0.0
1500591847991,61397669,0.07676631,389.371588
1500591847991,61397669,0.07691651,0.0
1500591848083,61397670,0.07550185,101.170662
1500591848308,61397671,0.07550185,0.0
1500591848317,61397672,0.07550222,140.375222
1500591848623,61397673,0.07550222,241.4588
1500591848782,61397674,0.07707004,10.0
1500591848782,61397675,0.07662582,118.312301
1500591848782,61397675,0.07699904,0.0
1500591848861,61397676,0.07172,182.27174
1500591848861,61397676,0.0736,7.5
1500591849498,61397678,0.07663,0.0
1500591849764,61397679,0.07675,1.0
1500591851769,61397681,0.07489174,0.0
1500591852059,61397682,0.07550222,101.083578
1500591852196,61397683,0.07550186,124.687
1500591852359,61397684,0.07550259,140.3383
1500591852898,61397686,0.07550222,0.0
1500591852943,61397687,0.0733894,0.0
1500591853127,61397688,0.07550259,241.371671
1500591853449,61397689,0.0740178,124.687
1500591853668,61397690,0.07662582,0.0
1500591853668,61397690,0.07615904,119.037439
1500591854133,61397691,0.07676631,0.0
1500591854133,61397691,0.07665371,389.943553
1500591854443,61397694,0.07690679,0.0
1500591854443,61397694,0.0766816,229.903037
1500591856076,61397701,0.07550259,101.033371
1500591856260,61397702,0.07550259,0.0
1500591856319,61397703,0.07550296,140.3383
1500591856515,61397704,0.0735,0.0
1500591856515,61397704,0.07172,248.5712
1500591856586,61397705,0.07615941,100.575485
1500591857491,61397706,0.0772262,1.535867
1500591857560,61397707,0.07698625,86.349037
1500591857560,61397707,0.0770536,0.0
1500591857878,61397708,0.076384,118.686859
1500591857878,61397708,0.07615904,0.0
1500591858615,61397710,0.07675,0.0
1500591858921,61397712,0.07662,1.0
1500591858990,61397713,0.07707004,0.0
1500591859134,61397714,0.0770001,10.0
1500591860039,61397715,0.07550296,0.0
1500591860449,61397716,0.07615941,0.0
1500591860451,61397717,0.07615978,139.76462
1500591860782,61397718,0.07604047,100.575485
1500591861274,61397719,0.0760401,0.0
1500591861601,61397720,0.07698625,0.0
1500591861601,61397720,0.07684241,86.510672
1500591862204,61397721,0.07349,265.73751
1500591862204,61397721,0.07171,136.94396
1500591862965,61397723,0.07665371,0.0
1500591862965,61397723,0.0765072,390.690289
1500591864140,61397728,0.07615978,0.0
1500591864361,61397729,0.07604047,0.0
1500591864569,61397731,0.0760004,140.235949
1500591864923,61397732,0.07616015,100.804722
1500591864924,61397733,0.07696353,117.793156
1500591864924,61397733,0.076384,0.0
1500591866510,61397734,0.07684241,0.0
1500591866510,61397734,0.07696878,86.368636
1500591868033,61397736,0.07662,0.0
1500591868362,61397737,0.07349,158.24444
1500591868362,61397737,0.07171,248.35919
1500591868793,61397738,0.07652,1.0
1500591868804,61397739,0.07616015,0.0
1500591869077,61397740,0.07600077,101.014343
1500591869134,61397741,0.0770001,0.0
1500591869366,61397742,0.07696888,10.0
1500591870516,61397743,0.0772262,1.275576
1500591870516,61397743,0.07735129,0.0
1500591871375,61397746,0.07600013,1.350705
1500591872171,61397747,0.0760004,0.0
1500591872441,61397748,0.07600114,140.203804
1500591874057,61397752,0.0772262,0.0
1500591874069,61397753,0.07349,82.26669
1500591874069,61397753,0.07171,327.78592
1500591875433,61397754,0.07642032,394.665776
1500591875433,61397754,0.0765072,0.0
1500591876289,61397756,0.07600077,0.0
1500591876549,61397757,0.07600151,100.964293
1500591876550,61397758,0.07681601,86.540404
1500591876550,61397758,0.07696878,0.0
1500591878001,61397761,0.07707002,0.0
1500591878001,61397761,0.07681603,1.51745
1500591878987,61397762,0.0758389,1.5
1500591879879,61397763,0.07707003,1.275576
1500591880449,61397764,0.07600114,0.0
1500591880543,61397765,0.07681601,0.0
1500591880543,61397765,0.07662059,86.761124
1500591880549,61397767,0.07349,32.35161
1500591880549,61397767,0.0717,54.94519
1500591880703,61397768,0.07600188,140.243312
1500591881412,61397769,0.07600013,0.0
1500591882086,61397771,0.07642032,0.0
1500591882086,61397771,0.07632955,395.135107
1500591882299,61397772,0.076742,0.2
1500591884259,61397776,0.07600151,0.0
1500591884814,61397779,0.07600225,100.889617
1500591886135,61397782,0.07659083,393.787153
1500591886135,61397782,0.07632955,0.0
1500591886156,61397783,0.07349,0.0
1500591886156,61397783,0.07158,36.53918
1500591886534,61397784,0.07672548,86.642514
1500591886534,61397784,0.07662059,0.0
1500591887689,61397787,0.07696353,0.0
1500591887689,61397787,0.07650007,118.506781
1500591887845,61397788,0.07696888,0.0
1500591887920,61397789,0.07674211,10.0
1500591888056,61397790,0.07600188,0.0
1500591888284,61397791,0.07600262,139.811272
1500591891604,61397797,0.07328,99.73292
1500591891604,61397797,0.07158,140.50257
1500591891634,61397798,0.076742,0.0
1500591891738,61397799,0.07550196,1.367535
1500591892426,61397800,0.07600225,0.0
1500591892747,61397801,0.07600299,100.718597
1500591894037,61397803,0.076695,0.2
1500591894776,61397806,0.07652,0.0
1500591895324,61397807,0.07642,1.0
1500591896186,61397809,0.07600262,0.0
1500591896537,61397811,0.07681603,0.0
1500591896537,61397811,0.07707005,1.512449
1500591896872,61397812,0.07600336,139.920143
1500591897178,61397816,0.07328,0.1
1500591897178,61397816,0.07158,243.49766
1500591897845,61397817,0.07707003,0.0
1500591898891,61397818,0.0728389,1.0
1500591900559,61397820,0.07600299,0.0
1500591900960,61397822,0.07600373,100.687602
1500591901679,61397824,0.07550196,0.0
1500591901835,61397825,0.07600272,1.359628
1500591902901,61397826,0.07326,150.85894
1500591902901,61397826,0.0714,126.38947
1500591902925,61397827,0.07707006,1.275575
1500591904442,61397830,0.07600336,0.0
1500591904880,61397831,0.0760041,139.876294
1500591905569,61397832,0.07642,0.0
1500591905829,61397833,0.07639,1.0
1500591907785,61397834,0.076695,0.0
1500591908342,61397835,0.07600373,0.0
1500591908732,61397836,0.07326,0.0
1500591908732,61397836,0.0714,280.0808
1500591909349,61397837,0.07600447,100.663793
1500591910404,61397839,0.076664,0.14
1500591911524,61397842,0.07600272,0.0
1500591912089,61397843,0.0760041,0.0
1500591912444,61397844,0.07600484,139.966116
1500591914506,61397845,0.076664,0.0
1500591915083,61397848,0.07314,286.2261
1500591915083,61397848,0.0714,310.21251
1500591915652,61397849,0.07707008,1.512448
1500591915652,61397849,0.07707005,0.0
1500591916266,61397850,0.07600447,0.0
1500591916509,61397851,0.07600521,100.888859
1500591916525,61397852,0.07664,0.14
1500591919727,61397857,0.07664,0.0
1500591920684,61397858,0.07314,225.74957
1500591920684,61397858,0.07141,62.72599
1500591920722,61397860,0.07600484,0.0
1500591921116,61397864,0.07600558,140.254736
1500591921391,61397866,0.07707006,0.0
1500591921571,61397868,0.075839,1.356125
1500591922021,61397869,0.07664,0.14
1500591922722,61397875,0.07655887,86.831069
1500591922722,61397875,0.07672548,0.0
1500591922822,61397876,0.07674211,0.0
1500591922910,61397877,0.07668162,10.0
1500591924045,61397884,0.07600558,0.0
1500591924511,61397885,0.07600521,0.0
1500591924512,61397886,0.07583937,140.33575
1500591924896,61397887,0.07600595,100.888859
1500591924997,61397888,0.07639,0.0
1500591925083,61397889,0.07664,0.0
1500591925527,61397890,0.07637,1.0
1500591926537,61397891,0.07314,154.15924
1500591926537,61397891,0.0714,383.78093
1500591926565,61397892,0.07666187,86.714406
1500591926565,61397892,0.07655887,0.0
1500591926606,61397893,0.07707009,1.275574
1500591927315,61397894,0.07661,0.14
1500591928052,61397897,0.07583937,0.0
1500591928357,61397899,0.07600632,140.210803
1500591929331,61397900,0.07668164,0.952466
1500591930214,61397904,0.07661,0.0
1500591931581,61397905,0.075839,0.0
1500591932101,61397906,0.07314,70.32452
1500591932101,61397906,0.0714,471.00641
1500591932261,61397907,0.07600595,0.0
1500591932769,61397908,0.07600669,100.99069
1500591932797,61397909,0.07651851,86.876868
1500591932797,61397909,0.07666187,0.0
1500591932797,61397910,0.076625,0.14
1500591934107,61397913,0.07668162,0.0
1500591934342,61397914,0.07668172,10.0
1500591934373,61397915,0.0766816,0.0
1500591934373,61397915,0.07653398,230.346478
1500591935172,61397916,0.07637,0.0
1500591935173,61397917,0.07707008,0.0
1500591935173,61397917,0.07637002,1.526313
1500591935476,61397919,0.07631,1.0
1500591936051,61397920,0.07600632,0.0
1500591936282,61397921,0.07600706,140.237977
1500591937815,61397924,0.07314,0.0
1500591937815,61397924,0.0714,544.15373
1500591938639,61397925,0.07651851,0.0
1500591938639,61397925,0.07641912,86.989859
1500591940452,61397931,0.07600669,0.0
1500591940462,61397932,0.07635503,230.886331
1500591940462,61397932,0.07653398,0.0
1500591940757,61397933,0.07600743,100.978354
1500591941852,61397935,0.0751001,1.663802
1500591942961,61397937,0.07641912,0.0
1500591942961,61397937,0.07660938,86.773819
1500591942995,61397939,0.076625,0.0
1500591943283,61397941,0.0714,638.36583
1500591943283,61397941,0.07313,62.66352
1500591944120,61397945,0.07600706,0.0
1500591944325,61397947,0.07600743,0.0
1500591944358,61397948,0.07583927,140.453509
1500591944502,61397949,0.07635503,0.0
1500591944502,61397949,0.07667466,229.923846
1500591944600,61397950,0.07668172,0.0
1500591944616,61397952,0.07583927,241.63544
1500591945024,61397953,0.07668172,10.0
1500591945209,61397955,0.076625,0.14
1500591946391,61397958,0.07707009,0.0
1500591947221,61397962,0.07668174,0.952465
1500591947221,61397962,0.07668164,0.0
1500591948044,61397964,0.076625,0.0
1500591948094,61397965,0.07583927,101.181931
1500591948262,61397966,0.07583927,0.0
1500591948325,61397968,0.07583964,140.453509
1500591948637,61397969,0.07583964,241.635024
1500591949078,61397970,0.0714,703.5495
1500591949078,61397970,0.07313,0.0
1500591950549,61397971,0.076625,0.14
1500591951672,61397974,0.07707001,1.275574
1500591952066,61397975,0.07583964,101.181515
1500591952344,61397976,0.07583964,0.0
1500591952344,61397977,0.07584001,140.469495
1500591952452,61397978,0.07637002,0.0
1500591952452,61397978,0.07668174,2.472573
1500591952855,61397979,0.07631,0.0
1500591952856,61397981,0.07584001,241.651429
1500591953241,61397982,0.07617,1.0
1500591953646,61397983,0.076625,0.0
1500591954638,61397985,0.07311,0.0
1500591954638,61397985,0.07139,31.85787
1500591954928,61397986,0.07668172,0.0
1500591955093,61397987,0.07668179,10.0
1500591955348,61397988,0.076625,0.14
1500591956110,61397990,0.07584001,101.181934
1500591956362,61397991,0.07584001,0.0
1500591956362,61397992,0.07584038,140.469313
1500591956591,61397993,0.07584038,241.651247
1500591958643,61397996,0.07638901,87.024148
1500591958643,61397996,0.07660938,0.0
1500591959158,61397998,0.07707001,1.175574
1500591960057,61398000,0.07584038,101.181934
1500591960173,61398001,0.07298,64.01421
1500591960173,61398001,0.07126,106.24723
1500591960251,61398002,0.07584038,0.0
1500591960296,61398003,0.07550223,140.641564
1500591960350,61398004,0.07649312,230.469521
1500591960350,61398004,0.07667466,0.0
1500591960543,61398005,0.07550223,241.902915
1500591961613,61398006,0.07617,0.0
1500591962181,61398007,0.07613,1.0
1500591962748,61398008,0.07638901,0.0
1500591962748,61398008,0.0765824,86.80439
1500591962757,61398009,0.076625,0.0
1500591962937,61398010,0.07707001,0.977574
1500591963129,61398011,0.07649808,405.242661
1500591963129,61398011,0.07659083,0.0
1500591963952,61398013,0.07668181,0.952464
1500591963952,61398013,0.07668174,1.520108
1500591964828,61398015,0.07550223,140.641564
1500591965302,61398016,0.07550223,0.0
1500591965371,61398017,0.07583927,101.2123
1500591965405,61398018,0.07668179,0.0
1500591965518,61398019,0.07658251,10.0
1500591965524,61398020,0.07583927,241.714072
1500591966410,61398023,0.07298,0.0
1500591966410,61398023,0.07126,171.55354
1500591968113,61398027,0.07583927,101.2123
1500591968155,61398028,0.06281,52.33162
1500591968155,61398028,0.06444,32.55157
1500591968271,61398029,0.07583927,0.0
1500591968657,61398030,0.07583964,101.093396
1500591968657,61398031,0.07583964,241.514795
1500591968658,61398032,0.07707001,0.000574
1500591969331,61398033,0.07658253,1.522077
1500591969331,61398033,0.07668174,0.0
1500591970799,61398034,0.07613,0.0
1500591971128,61398035,0.0761,1.0
1500591971958,61398036,0.07126,280.66738
1500591971958,61398036,0.07286,60.28684
1500591972141,61398037,0.07583964,101.093396
1500591972185,61398038,0.07583964,0.0
1500591972849,61398039,0.07584001,101.098086
1500591972849,61398040,0.07584001,241.549144
1500591975521,61398043,0.07649312,0.0
1500591975521,61398043,0.076384,230.798763
1500591975712,61398045,0.07658251,0.0
1500591975840,61398046,0.07658255,10.0
1500591976048,61398048,0.07584001,101.098086
1500591976373,61398049,0.07584001,0.0
1500591976414,61398050,0.07584038,140.451058
1500591976890,61398051,0.07584038,241.549144
1500591977609,61398052,0.07126,342.39336
1500591977609,61398052,0.07286,0.0
1500591979429,61398054,0.076475,0.2
1500591980068,61398056,0.0761,0.0
1500591980123,61398057,0.07584038,101.098086
1500591980256,61398058,0.07584038,0.0
1500591980281,61398059,0.07611,1.0
1500591980381,61398060,0.07584075,140.39922
1500591980643,61398061,0.07584075,241.573212
1500591981230,61398062,0.07658257,0.953698
1500591981230,61398062,0.07668181,0.0
1500591983341,61398063,0.07639142,122.892112
1500591983341,61398063,0.07650007,0.0
1500591983460,61398064,0.076475,0.0
1500591983494,61398065,0.07639392,405.795193
1500591983494,61398065,0.07649808,0.0
1500591983761,61398066,0.07126,410.47013
1500591983761,61398066,0.07285,762.08635
1500591984080,61398068,0.07584075,101.173992
1500591984423,61398070,0.07584075,0.0
1500591984424,61398071,0.07550223,140.738743
1500591984657,61398073,0.07584112,101.173992
1500591985155,61398075,0.076405,0.2
1500591986875,61398076,0.07658257,2.475774
1500591986875,61398076,0.07658253,0.0
1500591987024,61398077,0.07658255,0.0
1500591987102,61398078,0.07658266,10.0
1500591987968,61398079,0.076405,0.0
1500591988463,61398081,0.07550223,0.0
1500591988645,61398082,0.07649683,86.90149
1500591988645,61398082,0.0765824,0.0
1500591988940,61398083,0.07584149,140.486556
1500591988942,61398084,0.07611,0.0
1500591989134,61398085,0.0761,1.0
1500591989270,61398086,0.07126,541.52579
1500591989270,61398086,0.07285,632.27313
1500591991470,61398088,0.0762848,231.098892
1500591991470,61398088,0.076384,0.0
1500591992287,61398089,0.07584112,0.0
1500591992652,61398090,0.07634194,87.077804
1500591992652,61398090,0.07649683,0.0
1500591992653,61398091,0.07584186,101.173992
1500591993631,61398093,0.076602,0.12
1500591994941,61398095,0.07126,664.99827
1500591994941,61398095,0.07285,509.86445
1500591996045,61398096,0.07584149,0.0
1500591996268,61398097,0.07584223,140.487109
1500591997366,61398098,0.076602,0.0
1500591997525,61398099,0.07658266,0.0
1500591997846,61398100,0.07639402,10.0
1500591998015,61398101,0.07658257,1.522076
1500591998015,61398101,0.07639394,0.956053
1500592000328,61398102,0.07126,730.58959
1500592000328,61398102,0.07285,445.3168
1500592000328,61398103,0.07584186,0.0
1500592000629,61398104,0.0758426,101.1715
1500592002638,61398107,0.06266,35.16219
1500592002638,61398107,0.06444,0.0
1500592003729,61398109,0.076394,0.2
1500592004073,61398110,0.07584223,0.0
1500592004205,61398111,0.07658257,0.0
1500592004205,61398111,0.07639404,1.525833
1500592004319,61398112,0.07584297,140.483889
1500592004402,61398113,0.06266,76.51158
1500592004402,61398113,0.06402,23.30231
1500592006288,61398114,0.07126,849.07749
1500592006288,61398114,0.07285,327.72124
1500592007094,61398116,0.076394,0.0
1500592008288,61398119,0.0758426,0.0
1500592008368,61398120,0.07639402,0.0
1500592008436,61398121,0.07639412,10.0
1500592008638,61398122,0.07584334,101.072467
1500592009336,61398124,0.07707001,0.0
1500592009336,61398124,0.07707,2.326679
1500592011540,61398125,0.0761,0.0
1500592011853,61398126,0.07599,1.0
1500592011923,61398127,0.07125,118.33209
1500592011923,61398127,0.07285,210.17547
1500592012048,61398128,0.07584297,0.0
1500592012281,61398129,0.07584371,140.432905
1500592015949,61398130,0.07639394,0.0
1500592015949,61398130,0.07639414,0.95605
1500592016273,61398132,0.07584334,0.0
1500592016507,61398134,0.07584408,101.102959
1500592017491,61398136,0.07125,175.48061
1500592017491,61398136,0.07285,154.28465
1500592017966,61398138,0.07630513,406.267383
1500592017966,61398138,0.07639392,0.0
1500592017971,61398139,0.076451,0.2
1500592018651,61398140,0.07623952,87.194784
1500592018651,61398140,0.07634194,0.0
1500592018814,61398141,0.07639142,0.0
1500592018814,61398141,0.07620118,123.198918
1500592018816,61398142,0.07639412,0.0
1500592019067,61398143,0.07630518,10.0
1500592020345,61398146,0.07584371,0.0
1500592020578,61398147,0.07584445,140.396612
1500592020625,61398148,0.07599,0.0
1500592020705,61398149,0.07620118,0.0
1500592020705,61398149,0.07606109,123.425827
1500592020803,61398150,0.076451,0.0
1500592020818,61398151,0.076,1.0
1500592020873,61398152,0.07639404,0.0
1500592020873,61398152,0.07645102,1.524695
1500592022067,61398153,0.07707,0.326679
1500592022573,61398154,0.07609504,231.675188
1500592022573,61398154,0.0762848,0.0
1500592023568,61398155,0.07108,75.89847
1500592023568,61398155,0.07285,79.62009
1500592024596,61398156,0.07584408,0.0
1500592025216,61398157,0.07620575,406.797197
1500592025216,61398157,0.07630513,0.0
1500592025216,61398158,0.07584482,101.093578
1500592028027,61398165,0.07584445,0.0
1500592028284,61398166,0.07584519,140.385763
1500592029180,61398167,0.076,0.0
1500592029312,61398168,0.07630518,0.0
1500592029376,61398169,0.07597,1.0
1500592029380,61398170,0.07623957,10.0
1500592029861,61398171,0.07097,80.70284
1500592029861,61398171,0.07285,0.0
1500592032010,61398174,0.076094,407.394611
1500592032010,61398174,0.07620575,0.0
1500592032684,61398175,0.07584482,0.0
1500592033029,61398176,0.07584556,101.119557
1500592033837,61398179,0.07639414,0.0
1500592033837,61398179,0.07623959,0.957988
1500592035413,61398181,0.07273,292.98999
1500592035413,61398181,0.07096,98.07559
1500592036241,61398182,0.07584519,0.0
1500592036525,61398183,0.07584593,140.416382
1500592039510,61398184,0.07645102,0.0
1500592039510,61398184,0.07623959,2.486912
1500592039752,61398185,0.07623957,0.0
1500592039880,61398186,0.07623963,10.0
1500592040249,61398187,0.07584556,0.0
1500592040474,61398188,0.0758463,101.172847
1500592040907,61398189,0.07707,0.000679
1500592041520,61398190,0.07273,196.2502
1500592041520,61398190,0.07096,195.6723
1500592042722,61398193,0.076384,87.029856
1500592042722,61398193,0.07623952,0.0
1500592043396,61398194,0.07706504,2.752594
1500592043396,61398194,0.07707,0.0
1500592044050,61398196,0.07584593,0.0
1500592044326,61398197,0.07584667,140.477468
1500592044886,61398198,0.07606109,0.0
1500592044886,61398198,0.0759765,123.563246
1500592045128,61398199,0.0767253,1.113409
1500592045617,61398200,0.07706504,0.752594
1500592046922,61398201,0.07597,0.0
1500592047918,61398203,0.07596,1.0
