timestamp,id,price,q
1500593105893,33967675,226.12599988,1.775673
1500593105893,33967675,226.12599991,0.0
1500593105983,33967676,226.18299979,0.0
1500593105994,33967677,226.12599987,3.06403
1500593105994,33967677,226.12599989,0.0
1500593106066,33967678,226.11889988,5.89159
1500593106108,33967679,226.11889987,3.06403
1500593106108,33967679,226.12599987,0.0
1500593106174,33967680,226.12599986,1.775673
1500593106174,33967680,226.12599988,0.0
1500593106359,33967681,226.12599986,0.0
1500593106359,33967681,226.11889986,1.775673
1500593106398,33967682,226.11889987,0.0
1500593106398,33967682,226.11889985,3.06403
1500593106576,33967683,226.11889986,0.0
1500593106576,33967683,226.11889987,1.775673
1500593106755,33967684,226.11889987,0.0
1500593106755,33967684,226.11889984,1.775673
1500593106793,33967685,226.11889983,3.06403
1500593106793,33967685,226.11889985,0.0
1500593107005,33967686,226.11889982,1.775673
1500593107005,33967686,226.11889984,0.0
1500593107038,33967687,226.11889981,3.06403
1500593107038,33967687,226.11889983,0.0
1500593107224,33967688,226.1188998,1.775673
1500593107224,33967688,226.11889982,0.0
1500593107261,33967689,226.11889979,3.06403
1500593107261,33967689,226.11889981,0.0
1500593107440,33967691,226.11889978,1.775673
1500593107440,33967691,226.1188998,0.0
1500593107472,33967692,226.11889977,3.06403
1500593107472,33967692,226.11889979,0.0
1500593107583,33967694,226.1259999,0.0
1500593107583,33967694,226.11889976,0.620012
1500593107617,33967695,226.11889977,0.0
1500593107617,33967695,226.11889975,3.06403
1500593107649,33967696,226.11889978,0.0
1500593107649,33967696,226.11889976,2.396375
1500593107829,33967697,226.11889974,1.776363
1500593107829,33967697,226.11889976,0.620012
1500593107862,33967698,226.11889975,0.0
1500593107862,33967698,226.11889973,3.06403
1500593108039,33967700,226.11889974,0.0
1500593108039,33967700,226.11889987,1.776363
1500593108218,33967701,226.11889987,0.0
1500593108218,33967701,226.11889972,1.776363
1500593108251,33967702,226.11889971,3.06403
1500593108251,33967702,226.11889973,0.0
1500593108429,33967703,226.1188997,1.776363
1500593108429,33967703,226.11889972,0.0
1500593108463,33967704,226.11889971,0.0
1500593108463,33967704,226.11889969,3.06403
1500593108642,33967706,226.1188997,0.0
1500593108642,33967706,226.11889987,1.776363
1500593108821,33967707,226.11889987,0.0
1500593108821,33967707,226.11889968,1.776363
1500593108853,33967708,226.11889969,0.0
1500593108853,33967708,226.11889967,3.06403
1500593109030,33967709,226.11889987,1.776363
1500593109030,33967709,226.11889968,0.0
1500593109210,33967710,226.11889987,0.0
1500593109210,33967710,226.11889966,1.776363
1500593109244,33967711,226.11889967,0.0
1500593109244,33967711,226.11889965,3.06403
1500593109422,33967712,226.11889975,1.776363
1500593109422,33967712,226.11889966,0.0
1500593109474,33967713,226.11889964,0.620012
1500593109474,33967713,226.11889976,0.0
1500593109508,33967714,226.11889963,3.06403
1500593109508,33967714,226.11889965,0.0
1500593109605,33967715,226.11889975,0.0
1500593109605,33967715,226.11889964,2.396375
1500593109774,33967716,226.126,0.0
1500593109774,33967716,226.1089,3.033389
1500593109787,33967717,226.11889964,0.620012
1500593109787,33967717,226.11889962,1.776363
1500593109807,33967718,226.10889999,3.06403
1500593109807,33967718,226.11889963,0.0
1500593109932,33967719,226.04497476,0.255206
1500593109932,33967719,226.53613633,0.0
1500593109978,33967720,226.11889962,0.0
1500593109978,33967720,226.10889999,4.840393
1500593110011,33967721,226.10889999,1.776363
1500593110011,33967721,226.10889998,3.06403
1500593110155,33967722,226.10889999,0.0
1500593110155,33967722,226.04497475,1.776363
1500593110187,33967723,226.04497474,3.06403
1500593110187,33967723,226.10889998,0.0
1500593110366,33967724,226.04497475,0.0
1500593110366,33967724,226.04497473,1.776363
1500593110400,33967725,226.04497474,0.0
1500593110400,33967725,226.04497472,3.06403
1500593110572,33967727,226.16599998,0.0
1500593110607,33967728,226.04497475,1.776363
1500593110607,33967728,226.04497473,0.0
1500593110792,33967729,226.04497475,0.0
1500593110792,33967729,226.04497471,1.776363
1500593110825,33967730,226.0449747,3.06403
1500593110825,33967730,226.04497472,0.0
1500593110973,33967732,226.1089,0.0
1500593110973,33967732,226.035,3.033389
1500593111009,33967733,226.03499999,3.06403
1500593111009,33967733,226.0449747,0.0
1500593111010,33967734,226.04497469,1.776363
1500593111010,33967734,226.04497471,0.0
1500593111034,33967736,226.03737472,5.89159
1500593111060,33967737,248.17,0.0
1500593111060,33967737,249.47,68.78
1500593111400,33967739,226.03499998,1.776363
1500593111400,33967739,226.04497469,0.0
1500593111432,33967740,226.03499999,0.0
1500593111432,33967740,226.03499997,3.06403
1500593111470,33967741,226.11889964,0.0
1500593111470,33967741,226.03499996,0.620012
1500593111504,33967743,226.03499995,3.06403
1500593111504,33967743,226.03499997,0.0
1500593111613,33967744,226.03499998,0.0
1500593111613,33967744,226.03499999,1.776363
1500593111804,33967745,226.03499999,0.0
1500593111804,33967745,226.03499994,1.776363
1500593111840,33967746,226.03499995,0.0
1500593111840,33967746,226.03499993,3.06403
1500593112016,33967748,226.03499994,0.0
1500593112016,33967748,226.03499995,1.776363
1500593112201,33967749,226.03499995,0.0
1500593112201,33967749,226.03499992,1.776363
1500593112238,33967750,226.03499991,3.06403
1500593112238,33967750,226.03499993,0.0
1500593112416,33967751,226.03499992,0.0
1500593112416,33967751,226.0349999,1.776363
1500593112468,33967752,226.03499991,0.0
1500593112468,33967752,226.03499989,3.06403
1500593112512,33967753,227.48120295,0.0
1500593112512,33967753,227.23668885,0.440767
1500593112649,33967754,226.0349999,0.0
1500593112649,33967754,226.03499995,1.776363
1500593112828,33967755,226.03499995,0.0
1500593112828,33967755,226.03499988,1.776363
1500593112862,33967756,226.03499989,0.0
1500593112862,33967756,226.03499987,3.06403
1500593113042,33967758,226.03499995,1.776363
1500593113042,33967758,226.03499988,0.0
1500593113224,33967760,226.03499995,0.0
1500593113224,33967760,226.03499986,1.776363
1500593113256,33967761,226.03499985,3.06403
1500593113256,33967761,226.03499987,0.0
1500593113460,33967762,226.03499996,0.0
1500593113460,33967762,226.03499984,0.620012
1500593113485,33967763,226.03499986,0.0
1500593113485,33967763,226.03499984,2.396375
1500593113493,33967764,226.03499985,0.0
1500593113493,33967764,226.03499983,3.06403
1500593113663,33967766,226.03499983,4.840394
1500593113663,33967766,226.03499984,0.620012
1500593113696,33967767,226.03499983,1.776364
1500593113696,33967767,226.03499982,3.06403
1500593113843,33967769,226.03499983,0.0
1500593113843,33967769,226.03499982,4.840394
1500593113877,33967770,226.03499982,1.776364
1500593113877,33967770,226.03499981,3.06403
1500593114023,33967772,226.03499982,0.0
1500593114023,33967772,226.03499981,4.840394
1500593114058,33967773,226.0349998,3.06403
1500593114058,33967773,226.03499981,1.776364
1500593114090,33967774,227.23668875,2.643423
1500593114090,33967774,227.48120285,0.0
1500593114201,33967775,226.0349998,4.840394
1500593114201,33967775,226.03499981,0.0
1500593114234,33967776,226.03499979,3.06403
1500593114234,33967776,226.0349998,1.776364
1500593114380,33967777,226.03499979,4.840394
1500593114380,33967777,226.0349998,0.0
1500593114424,33967778,226.03499978,3.06403
1500593114424,33967778,226.03499979,1.776364
1500593114559,33967779,226.03499978,4.840394
1500593114559,33967779,226.03499979,0.0
1500593114592,33967780,226.03499978,1.776364
1500593114592,33967780,226.03499977,3.06403
1500593114738,33967781,226.03499978,0.0
1500593114738,33967781,226.03499977,4.840394
1500593114773,33967782,226.03499976,3.06403
1500593114773,33967782,226.03499977,1.776364
1500593114909,33967783,226.025,4.79199
1500593114909,33967783,226.035,0.0
1500593114917,33967784,226.03499976,4.840394
1500593114917,33967784,226.03499977,0.0
1500593114944,33967785,226.03499976,1.776364
1500593114944,33967785,226.02499999,3.06403
1500593115007,33967786,226.04497476,0.0
1500593115007,33967786,225.81598758,0.255206
1500593115098,33967788,226.03499976,0.0
1500593115098,33967788,226.02499999,4.840394
1500593115132,33967789,226.02499998,3.06403
1500593115132,33967789,226.02499999,1.776364
1500593115279,33967790,225.81598757,1.776364
1500593115279,33967790,226.02499999,0.0
1500593115311,33967791,226.02499998,0.0
1500593115311,33967791,225.81598756,3.06403
1500593115552,33967792,225.81598755,0.620012
1500593115552,33967792,226.03499984,0.0
1500593115585,33967793,225.81598756,0.0
1500593115585,33967793,225.81598754,3.06403
1500593115613,33967794,225.81598755,2.396376
1500593115613,33967794,225.81598757,0.0
1500593115793,33967796,225.81598755,0.620012
1500593115793,33967796,225.81598753,1.776364
1500593115826,33967797,225.81598754,0.0
1500593115826,33967797,225.81598752,3.06403
1500593116003,33967798,225.81598757,1.776364
1500593116003,33967798,225.81598753,0.0
1500593116172,33967799,225.806,3.033389
1500593116172,33967799,226.025,0.0
1500593116183,33967800,225.81598751,1.776364
1500593116183,33967800,225.81598757,0.0
1500593116208,33967801,225.81598752,0.0
1500593116208,33967801,225.80599999,3.06403
1500593116338,33967802,226.11889988,0.0
1500593116362,33967803,225.80599999,4.840394
1500593116362,33967803,225.81598751,0.0
1500593116396,33967804,225.80599999,1.776364
1500593116396,33967804,225.80599998,3.06403
1500593116443,33967806,225.79789999,5.89159
1500593116475,33967807,225.80599998,0.0
1500593116475,33967807,225.79789998,3.06403
1500593116551,33967808,225.80599999,0.0
1500593116551,33967808,225.80599998,1.776364
1500593116719,33967811,225.80599998,0.0
1500593116719,33967811,225.79789997,2.220106
1500593116754,33967812,225.79789996,3.06403
1500593116754,33967812,225.79789998,0.0
1500593117023,33967813,225.79789995,2.219155
1500593117023,33967813,225.79789997,0.0
1500593117054,33967814,225.79789994,3.06403
1500593117054,33967814,225.79789996,0.0
1500593117230,33967816,225.79789993,2.219155
1500593117230,33967816,225.79789995,0.0
1500593117263,33967817,225.79789994,0.0
1500593117263,33967817,225.79789992,3.06403
1500593117439,33967818,225.79789998,2.219155
1500593117439,33967818,225.79789993,0.0
1500593117486,33967819,225.81598755,0.0
1500593117486,33967819,225.79789991,0.620012
1500593117518,33967820,225.79789992,0.0
1500593117518,33967820,225.7978999,3.06403
1500593117619,33967821,225.79789991,2.839167
1500593117619,33967821,225.79789998,0.0
1500593117798,33967822,225.79789991,0.620012
1500593117798,33967822,225.79789989,2.219155
1500593117831,33967823,225.79789988,3.06403
1500593117831,33967823,225.7978999,0.0
1500593118010,33967824,225.79789987,2.219155
1500593118010,33967824,225.79789989,0.0
1500593118044,33967825,225.79789988,0.0
1500593118044,33967825,225.79789986,3.06403
1500593118222,33967826,225.79789998,2.219155
1500593118222,33967826,225.79789987,0.0
1500593118343,33967827,227.23668885,0.0
1500593118343,33967827,228.89452266,0.440767
1500593118403,33967828,225.79789985,2.219155
1500593118403,33967828,225.79789998,0.0
1500593118439,33967829,225.79789984,3.06403
1500593118439,33967829,225.79789986,0.0
1500593118578,33967830,225.7879,3.033389
1500593118578,33967830,225.806,0.0
1500593118616,33967831,225.79789983,2.219155
1500593118616,33967831,225.79789985,0.0
1500593118620,33967832,225.78789999,2.860501
1500593118620,33967832,225.79789984,0.0
1500593118640,33967833,228.89452256,2.643423
1500593118640,33967833,227.23668875,0.0
1500593118797,33967834,225.78789999,5.079656
1500593118797,33967834,225.79789983,0.0
1500593118828,33967836,225.78789999,2.219155
1500593118828,33967836,225.78789998,2.860501
1500593118987,33967837,225.78789999,0.0
1500593118987,33967837,225.78789998,5.079656
1500593119020,33967838,225.78789997,2.860501
1500593119020,33967838,225.78789998,2.219155
1500593119167,33967839,225.78789997,5.079656
1500593119167,33967839,225.78789998,0.0
1500593119200,33967840,225.78789996,2.860501
1500593119200,33967840,225.78789997,2.219155
1500593119348,33967841,225.78789996,5.079656
1500593119348,33967841,225.78789997,0.0
1500593119382,33967842,225.78789996,2.219155
1500593119382,33967842,225.78789995,2.860501
1500593119534,33967845,225.78789996,0.0
1500593119534,33967845,225.78789995,5.079656
1500593119578,33967846,225.78789994,2.860501
1500593119578,33967846,225.78789995,2.219155
1500593119628,33967847,225.79789991,0.0
1500593119628,33967847,225.78789993,0.620012
1500593119660,33967848,225.78789994,0.0
1500593119660,33967848,225.78789992,2.860501
1500593119713,33967849,225.78789994,2.219155
1500593119713,33967849,225.78789995,0.0
1500593119901,33967851,225.78789994,0.0
1500593119901,33967851,225.78789991,2.219066
1500593119934,33967852,225.7878999,2.860501
1500593119934,33967852,225.78789992,0.0
1500593120102,33967854,226.51254838,0.255206
1500593120102,33967854,225.81598758,0.0
1500593120114,33967855,225.78789989,2.219066
1500593120114,33967855,225.78789991,0.0
1500593120194,33967856,225.7878999,0.0
1500593120194,33967856,225.78789988,2.860501
1500593120379,33967857,225.78789989,0.0
1500593120379,33967857,225.78789992,2.219066
1500593120561,33967858,225.78789987,2.219066
1500593120561,33967858,225.78789992,0.0
1500593120602,33967859,225.78789988,0.0
1500593120602,33967859,225.78789986,2.860501
1500593120796,33967860,225.78789987,0.0
1500593120796,33967860,225.78789992,2.219066
1500593120949,33967861,226.03737472,0.0
1500593120980,33967863,225.78789985,2.219066
1500593120980,33967863,225.78789992,0.0
1500593121012,33967864,225.78789984,2.860501
1500593121012,33967864,225.78789986,0.0
1500593121189,33967865,225.78789983,2.219066
1500593121189,33967865,225.78789985,0.0
1500593121211,33967866,225.77679986,5.89159
1500593121221,33967867,225.78789984,0.0
1500593121221,33967867,225.78789982,2.860501
1500593121254,33967868,225.77679985,2.860501
1500593121254,33967868,225.78789982,0.0
1500593121391,33967869,225.78789983,0.0
1500593121391,33967869,225.77679985,5.079567
1500593121424,33967870,225.77679985,2.219066
1500593121424,33967870,225.77679984,2.860501
1500593121570,33967871,225.77679985,0.0
1500593121570,33967871,225.77679984,5.079567
1500593121602,33967872,225.77679984,2.219066
1500593121602,33967872,225.77679983,2.860501
1500593121616,33967873,225.78789993,0.0
1500593121616,33967873,225.77679983,3.480513
1500593121620,33967874,225.7668,5.832674
1500593121620,33967874,225.7879,0.0
1500593121648,33967875,225.77679982,2.860501
1500593121648,33967875,225.77679983,0.620012
1500593121681,33967876,225.76679999,2.860501
1500593121681,33967876,225.77679982,0.0
1500593121749,33967877,225.77679984,0.0
1500593121749,33967877,225.77679983,2.839078
1500593121928,33967878,225.76679998,2.219066
1500593121928,33967878,225.77679983,0.620012
1500593121961,33967879,225.76679997,2.860501
1500593121961,33967879,225.76679999,0.0
1500593122131,33967880,226.15599997,0.0
1500593122138,33967881,225.76679998,0.0
1500593122138,33967881,225.76679996,2.219066
1500593122172,33967882,225.76679995,2.860501
1500593122172,33967882,225.76679997,0.0
1500593122356,33967884,225.76679994,2.219066
1500593122356,33967884,225.76679996,0.0
1500593122389,33967885,225.76679993,2.860501
1500593122389,33967885,225.76679995,0.0
1500593122531,33967886,225.77679983,6.872057
1500593122572,33967887,225.76679994,0.0
1500593122572,33967887,225.76679992,2.219066
1500593122604,33967888,225.76679993,0.0
1500593122604,33967888,225.76679991,2.860501
1500593122784,33967889,225.76679999,2.219021
1500593122784,33967889,225.76679992,0.0
1500593122964,33967891,225.7667999,2.219021
1500593122964,33967891,225.76679999,0.0
1500593122996,33967892,225.76679991,0.0
1500593122996,33967892,225.76679989,2.860501
1500593123100,33967894,226.14599998,0.0
1500593123100,33967894,226.51254837,2.863917
1500593123175,33967896,225.7667999,0.0
1500593123175,33967896,225.76679999,2.219021
1500593123353,33967897,225.76679988,2.219021
1500593123353,33967897,225.76679999,0.0
1500593123386,33967898,225.76679987,2.860501
1500593123386,33967898,225.76679989,0.0
1500593123408,33967899,225.76679987,3.480513
1500593123408,33967899,225.77679983,6.252045
1500593123440,33967900,225.76679986,2.860501
1500593123440,33967900,225.76679987,0.620012
1500593123569,33967901,225.76679986,5.079522
1500593123569,33967901,225.76679988,0.0
1500593123602,33967902,225.76679986,2.219021
1500593123602,33967902,225.76679985,2.860501
1500593123778,33967903,225.76679986,0.0
1500593123778,33967903,225.76679985,5.079522
1500593123809,33967904,225.76679985,2.219021
1500593123809,33967904,225.76679984,2.860501
1500593123956,33967905,225.76679985,0.0
1500593123956,33967905,225.76679984,5.079522
1500593123968,33967906,226.05226247,0.255206
1500593123968,33967906,226.51254838,0.0
1500593123989,33967907,225.76679983,2.860501
1500593123989,33967907,225.76679984,2.219021
1500593124139,33967908,225.76679983,5.079522
1500593124139,33967908,225.76679984,0.0
1500593124174,33967909,225.76679983,2.219021
1500593124174,33967909,225.76679982,2.860501
1500593124318,33967910,225.76679983,0.0
1500593124318,33967910,225.76679982,5.079522
1500593124350,33967911,225.76679981,2.860501
1500593124350,33967911,225.76679982,2.219021
1500593124490,33967912,225.7668,0.0
1500593124490,33967912,225.7568,5.028726
1500593124495,33967913,225.76679981,5.079522
1500593124495,33967913,225.76679982,0.0
1500593124522,33967914,225.76679981,2.219021
1500593124522,33967914,225.75679999,2.860501
1500593124674,33967915,225.76679981,0.0
1500593124674,33967915,225.75679999,5.079522
1500593124709,33967916,225.75679999,2.219021
1500593124709,33967916,225.75679998,2.860501
1500593124853,33967919,225.75679999,0.0
1500593124853,33967919,225.75679998,5.079522
1500593124886,33967920,225.75679997,2.860501
1500593124886,33967920,225.75679998,2.219021
1500593125042,33967922,225.75679997,5.079522
1500593125042,33967922,225.75679998,0.0
1500593125076,33967923,225.75679997,2.219021
1500593125076,33967923,225.75679996,2.860501
1500593125220,33967924,225.75679997,0.0
1500593125220,33967924,225.75679996,5.079522
1500593125253,33967925,225.75679996,2.219021
1500593125253,33967925,225.75679995,2.860501
1500593125398,33967926,225.75679996,0.0
1500593125398,33967926,225.75679995,5.079522
1500593125431,33967927,225.75679994,2.860501
1500593125431,33967927,225.75679995,2.219021
1500593125503,33967928,225.75679993,0.620012
1500593125503,33967928,225.76679987,0.0
1500593125535,33967929,225.75679994,0.0
1500593125535,33967929,225.75679992,2.860501
1500593125578,33967931,225.75679994,2.219021
1500593125578,33967931,225.75679995,0.0
1500593125615,33967932,228.89452266,0.0
1500593125615,33967932,228.52846648,0.440767
1500593125762,33967933,225.75679994,0.0
1500593125762,33967933,225.75679991,2.218933
1500593125804,33967934,225.7567999,2.860501
1500593125804,33967934,225.75679992,0.0
1500593126008,33967935,225.75679991,0.0
1500593126008,33967935,225.75679989,2.218933
1500593126041,33967936,225.7567999,0.0
1500593126041,33967936,225.75679988,2.860501
1500593126218,33967937,225.75679992,2.218933
1500593126218,33967937,225.75679989,0.0
1500593126413,33967938,225.75679987,2.218933
1500593126413,33967938,225.75679992,0.0
1500593126457,33967939,225.75679988,0.0
1500593126457,33967939,225.75679986,2.860501
1500593126541,33967940,225.79789999,0.0
1500593126542,33967941,228.52846638,2.643423
1500593126542,33967941,228.89452256,0.0
1500593126625,33967942,225.74539986,5.89159
1500593126634,33967943,225.75679992,2.218933
1500593126634,33967943,225.75679987,0.0
1500593126675,33967944,225.74539985,2.860501
1500593126675,33967944,225.75679986,0.0
1500593126753,33967946,225.7469,4.978438
1500593126753,33967946,225.7568,0.0
1500593126811,33967947,225.74539985,5.079434
1500593126811,33967947,225.75679992,0.0
1500593126846,33967948,225.74539984,2.860501
1500593126846,33967948,225.74539985,2.218933
1500593127008,33967949,225.74539984,5.079434
1500593127008,33967949,225.74539985,0.0
1500593127040,33967950,225.74539984,2.218933
1500593127040,33967950,225.74539983,2.860501
1500593127188,33967951,225.74539984,0.0
1500593127188,33967951,225.74539983,5.079434
1500593127220,33967952,225.74539982,2.860501
1500593127220,33967952,225.74539983,2.218933
1500593127284,33967953,229,30.286266
1500593127365,33967954,225.74539982,5.079434
1500593127365,33967954,225.74539983,0.0
1500593127398,33967955,225.74539981,2.860501
1500593127398,33967955,225.74539982,2.218933
1500593127479,33967956,225.75679993,0.0
1500593127479,33967956,225.7453998,0.620012
1500593127552,33967957,225.74539981,5.079434
1500593127552,33967957,225.74539982,0.0
1500593127739,33967958,225.74539979,2.218933
1500593127739,33967958,225.74539981,2.860501
1500593128915,33967961,225.74539978,2.860501
1500593128915,33967961,225.74539981,0.0
1500593129096,33967964,225.74539979,0.0
1500593129096,33967964,225.74539977,2.218933
1500593129115,33967965,225.74539976,2.860501
1500593129115,33967965,225.74539978,0.0
1500593129306,33967967,225.74539975,2.218933
1500593129306,33967967,225.74539977,0.0
1500593129314,33967968,225.74539976,0.0
1500593129314,33967968,225.74539974,2.860501
1500593129476,33967969,225.7354,5.832674
1500593129476,33967969,225.7469,0.0
1500593129485,33967970,225.73539999,2.860501
1500593129485,33967970,225.74539974,0.0
1500593129491,33967971,225.74539975,0.0
1500593129491,33967971,225.74539979,2.218933
1500593129669,33967972,225.74539979,0.0
1500593129669,33967972,225.73539998,2.218933
1500593129678,33967973,225.73539997,2.860501
1500593129678,33967973,225.73539999,0.0
1500593129854,33967974,225.73539996,2.218933
1500593129854,33967974,225.73539998,0.0
1500593129866,33967975,225.73539997,0.0
1500593129866,33967975,225.73539995,2.860501
1500593130018,33967976,226.3912934,0.255206
1500593130018,33967976,226.05226247,0.0
1500593130043,33967977,225.73539996,0.0
1500593130043,33967977,225.73539999,2.218933
1500593130222,33967978,225.73539994,2.218933
1500593130222,33967978,225.73539999,0.0
1500593130232,33967979,225.73539995,0.0
1500593130232,33967979,225.73539993,2.860501
1500593130437,33967980,225.73539994,0.0
1500593130437,33967980,225.73539999,2.218933
1500593130657,33967982,225.73539992,2.218933
1500593130657,33967982,225.73539999,0.0
1500593130685,33967983,225.73539993,0.0
1500593130685,33967983,225.73539991,2.860501
1500593130867,33967984,225.73539992,0.0
1500593130867,33967984,225.73539999,2.218933
1500593131048,33967986,225.7353999,2.218933
1500593131048,33967986,225.73539999,0.0
1500593131055,33967987,225.73539991,0.0
1500593131055,33967987,225.73539989,2.860501
1500593131149,33967989,225.77679986,0.0
1500593131232,33967990,225.73539999,2.218933
1500593131232,33967990,225.7353999,0.0
1500593131235,33967991,225.72459989,5.89159
1500593131244,33967992,225.72459988,2.860501
1500593131244,33967992,225.73539989,0.0
1500593131350,33967993,228.52846648,0.0
1500593131350,33967993,232.63185552,0.440767
1500593131412,33967994,225.73539988,2.218933
1500593131412,33967994,225.73539999,0.0
1500593131591,33967996,225.73539988,0.0
1500593131591,33967996,225.72459987,2.218933
1500593131618,33967997,225.72459986,2.860501
1500593131618,33967997,225.72459988,0.0
1500593131793,33967998,228.9999999,2.643423
1500593131793,33967998,228.52846638,0.0
1500593131797,33967999,225.72459987,0.0
1500593131797,33967999,225.72459985,2.220177
1500593131804,33968000,225.72459986,0.0
1500593131804,33968000,225.72459984,2.860501
1500593131981,33968001,225.72459985,0.0
1500593131981,33968001,225.72459988,2.220177
1500593132161,33968002,225.72459983,2.220177
1500593132161,33968002,225.72459988,0.0
1500593132169,33968003,225.72459982,2.860501
1500593132169,33968003,225.72459984,0.0
1500593132425,33968004,225.72459983,0.0
1500593132425,33968004,225.72459981,2.220177
1500593132434,33968005,225.72459982,0.0
1500593132434,33968005,225.7245998,2.860501
1500593132616,33968007,225.72459981,0.0
1500593132616,33968007,225.72459988,2.220177
1500593132795,33968008,225.72459979,2.220177
1500593132795,33968008,225.72459988,0.0
1500593132804,33968009,225.7245998,0.0
1500593132804,33968009,225.72459978,2.860501
1500593132965,33968010,225.7146,5.832674
1500593132965,33968010,225.7354,0.0
1500593132974,33968011,225.71459999,2.860501
1500593132974,33968011,225.72459978,0.0
1500593132985,33968012,225.72459988,2.220177
1500593132985,33968012,225.72459979,0.0
1500593133165,33968013,225.71459998,2.220177
1500593133165,33968013,225.72459988,0.0
1500593133190,33968014,225.71459997,2.860501
1500593133190,33968014,225.71459999,0.0
1500593133368,33968015,225.71459996,2.220177
1500593133368,33968015,225.71459998,0.0
1500593133377,33968016,225.71459995,2.860501
1500593133377,33968016,225.71459997,0.0
1500593133554,33968017,225.71459994,2.220177
1500593133554,33968017,225.71459996,0.0
1500593133567,33968018,225.71459994,2.840189
1500593133567,33968018,225.7453998,0.0
1500593133592,33968019,225.71459995,0.0
1500593133592,33968019,225.71459993,2.860501
1500593133744,33968020,225.71459994,0.620012
1500593133744,33968020,225.71459993,5.080678
1500593133752,33968021,225.71459992,2.860501
1500593133752,33968021,225.71459993,2.220177
1500593133758,33968022,225.71459994,0.0
1500593133758,33968022,225.71459992,3.480513
1500593133771,33968023,225.71459992,0.620012
1500593133771,33968023,225.71459991,2.860501
1500593133932,33968024,225.71459992,2.840189
1500593133932,33968024,225.71459993,0.0
1500593133979,33968025,225.71459992,2.220177
1500593133979,33968025,225.7145999,0.620012
1500593133988,33968026,225.71459989,2.860501
1500593133988,33968026,225.71459991,0.0
1500593134164,33968028,225.71459992,0.0
1500593134164,33968028,225.7145999,2.840189
1500593134343,33968029,225.7145999,0.620012
1500593134343,33968029,225.71459988,2.220177
1500593134355,33968030,225.71459989,0.0
1500593134355,33968030,225.71459987,2.860501
1500593134413,33968031,249.6,0.0
1500593134602,33968033,225.71459988,0.0
1500593134602,33968033,225.71459999,2.220177
1500593134796,33968034,225.71459986,2.220177
1500593134796,33968034,225.71459999,0.0
1500593134797,33968035,225.71459985,2.860501
1500593134797,33968035,225.71459987,0.0
1500593134971,33968037,225.71459986,0.0
1500593134971,33968037,225.71459984,2.220226
1500593134981,33968038,225.71459985,0.0
1500593134981,33968038,225.71459983,2.860501
1500593135158,33968039,225.71459984,0.0
1500593135158,33968039,225.71459999,2.220226
1500593135336,33968040,225.71459982,2.220226
1500593135336,33968040,225.71459999,0.0
1500593135348,33968041,225.71459981,2.860501
1500593135348,33968041,225.71459983,0.0
1500593135441,33968042,229.77775987,0.440767
1500593135441,33968042,232.63185552,0.0
1500593135450,33968043,225.7145999,0.0
1500593135450,33968043,225.7145998,0.620012
1500593135509,33968044,225.71459979,2.860501
1500593135509,33968044,225.71459981,0.0
1500593135525,33968045,225.7145998,2.840238
1500593135525,33968045,225.71459982,0.0
1500593135704,33968047,225.71459978,2.220226
1500593135704,33968047,225.7145998,0.620012
1500593135713,33968048,225.71459977,2.860501
1500593135713,33968048,225.71459979,0.0
1500593135892,33968049,225.71459978,0.0
1500593135892,33968049,225.71459976,2.220226
1500593135899,33968050,225.71459975,2.860501
1500593135899,33968050,225.71459977,0.0
1500593136060,33968051,225.7146,0.0
1500593136060,33968051,225.7047,5.774347
1500593136069,33968052,225.71459975,0.0
1500593136069,33968052,225.70469999,2.860501
1500593136077,33968053,225.71459976,0.0
1500593136077,33968053,225.71459974,2.220226
1500593136254,33968055,225.71459974,0.0
1500593136254,33968055,225.70469998,2.220226
1500593136261,33968056,225.70469997,2.860501
1500593136261,33968056,225.70469999,0.0
1500593136438,33968057,225.70469998,0.0
1500593136438,33968057,225.70469996,2.220226
1500593136448,33968058,225.70469997,0.0
1500593136448,33968058,225.70469995,2.860501
1500593136643,33968059,225.70469996,0.0
1500593136643,33968059,225.70469999,2.220226
1500593136820,33968060,225.70469994,2.220226
1500593136820,33968060,225.70469999,0.0
1500593136833,33968061,225.70469995,0.0
1500593136833,33968061,225.70469993,2.860501
1500593137018,33968062,225.70469999,2.220226
1500593137018,33968062,225.70469994,0.0
1500593137171,33968063,225.74539986,0.0
1500593137199,33968065,225.70469992,2.220226
1500593137199,33968065,225.70469999,0.0
1500593137211,33968066,225.70469991,2.860501
1500593137211,33968066,225.70469993,0.0
1500593137390,33968067,225.70469992,0.0
1500593137390,33968067,225.7046999,2.220226
1500593137412,33968068,225.70469991,0.0
1500593137412,33968068,225.70469989,2.860501
1500593137549,33968069,225.70469988,0.620012
1500593137549,33968069,225.7145998,0.0
1500593137563,33968070,225.70469989,0.0
1500593137563,33968070,225.70469987,2.860501
1500593137602,33968071,225.7046999,0.0
1500593137602,33968071,225.70469999,2.220226
1500593137649,33968072,226.3912934,0.0
1500593137649,33968072,227.10070855,0.255206
1500593137722,33968073,225.7047,0.0
1500593137722,33968073,225.6948,5.716603
1500593137731,33968074,225.70469987,0.0
1500593137731,33968074,225.69479999,2.860501
1500593137781,33968075,225.70469986,2.220079
1500593137781,33968075,225.70469999,0.0
1500593137961,33968076,225.69479998,2.220079
1500593137961,33968076,225.70469986,0.0
1500593137969,33968077,225.69479999,0.0
1500593137969,33968077,225.69479997,2.860501
1500593138149,33968078,225.69479998,0.0
1500593138149,33968078,225.69479999,2.220079
1500593138246,33968079,225.69529993,5.89159
1500593138330,33968080,225.69479999,0.0
1500593138330,33968080,225.69479996,2.220079
1500593138343,33968081,225.69479997,0.0
1500593138343,33968081,225.69479995,2.860501
1500593138521,33968082,225.69479999,2.220079
1500593138521,33968082,225.69479996,0.0
1500593138856,33968083,225.69479999,0.0
1500593138856,33968083,225.69479994,2.220079
1500593138873,33968084,225.69479995,0.0
1500593138873,33968084,225.69479993,2.860501
1500593139049,33968085,225.69479999,2.220079
1500593139049,33968085,225.69479994,0.0
1500593139227,33968086,225.69479999,0.0
1500593139227,33968086,225.69479992,2.220079
1500593139244,33968087,225.69479991,2.860501
1500593139244,33968087,225.69479993,0.0
1500593139253,33968088,228.9999999,0.0
1500593139253,33968088,227.10070845,2.643423
1500593139461,33968091,225.6947999,2.220079
1500593139461,33968091,225.69479992,0.0
1500593139473,33968092,225.69479991,0.0
1500593139473,33968092,225.69479989,2.860501
1500593139633,33968095,225.70469988,0.0
1500593139633,33968095,225.69479988,0.620012
1500593139643,33968096,225.69479989,0.0
1500593139643,33968096,225.69479987,2.860501
1500593139657,33968097,225.69479999,2.220079
1500593139657,33968097,225.6947999,0.0
1500593139840,33968098,225.69479999,0.0
1500593139840,33968098,225.69479986,2.220079
1500593139848,33968099,225.69479985,2.860501
1500593139848,33968099,225.69479987,0.0
1500593140030,33968100,225.69479984,2.220079
1500593140030,33968100,225.69479986,0.0
1500593140058,33968101,225.69479983,2.860501
1500593140058,33968101,225.69479985,0.0
1500593140235,33968102,225.69479982,2.220079
1500593140235,33968102,225.69479984,0.0
1500593140249,33968103,225.69479983,0.0
1500593140249,33968103,225.69479981,2.860501
1500593140425,33968104,225.69479987,2.220079
1500593140425,33968104,225.69479982,0.0
1500593140605,33968105,225.6947998,2.220079
1500593140605,33968105,225.69479987,0.0
1500593140614,33968106,225.69479979,2.860501
1500593140614,33968106,225.69479981,0.0
1500593140802,33968108,225.6947998,0.0
1500593140802,33968108,225.69479978,2.220506
1500593140810,33968109,225.69479979,0.0
1500593140810,33968109,225.69479977,2.860501
1500593141018,33968110,225.69479987,2.220506
1500593141018,33968110,225.69479978,0.0
1500593141207,33968111,225.69479976,2.220506
1500593141207,33968111,225.69479987,0.0
1500593141216,33968112,225.69479975,2.860501
1500593141216,33968112,225.69479977,0.0
1500593141301,33968113,225.72459989,0.0
1500593141332,33968114,229.77775987,0.0
1500593141332,33968114,231.25180603,0.440767
1500593141376,33968115,225.69069975,5.89159
1500593141388,33968116,225.69479975,0.0
1500593141388,33968116,225.69069974,2.860501
1500593141393,33968117,225.69479976,0.0
1500593141393,33968117,225.69479974,2.220506
1500593141572,33968118,225.69069973,2.220506
1500593141572,33968118,225.69479974,0.0
1500593141581,33968119,225.69069972,2.860501
1500593141581,33968119,225.69069974,0.0
1500593141600,33968120,225.69069973,2.840518
1500593141600,33968120,225.69479988,0.0
1500593141713,33968122,225.77679983,0.0
1500593141758,33968123,225.69069973,0.620012
1500593141758,33968123,225.69069971,2.220506
1500593141768,33968124,225.6906997,2.860501
1500593141768,33968124,225.69069972,0.0
1500593141782,33968125,225.6948,0.0
1500593141782,33968125,225.6807,5.832674
1500593141789,33968126,225.6906997,0.0
1500593141789,33968126,225.68069999,2.860501
1500593141945,33968127,225.69069971,0.0
1500593141945,33968127,225.69069969,2.220506
1500593142124,33968128,225.68069998,2.220506
1500593142124,33968128,225.69069969,0.0
1500593142135,33968129,225.68069997,2.860501
1500593142135,33968129,225.68069999,0.0
1500593142233,33968130,227.10070844,2.863917
1500593142233,33968130,226.51254837,0.0
1500593142233,33968131,225.69479973,6.252045
1500593142313,33968132,225.68069996,2.220506
1500593142313,33968132,225.68069998,0.0
1500593142322,33968133,225.68069997,0.0
1500593142322,33968133,225.68069995,2.860501
1500593142499,33968134,225.68069996,0.0
1500593142499,33968134,225.68069999,2.220506
1500593142680,33968135,225.68069994,2.220506
1500593142680,33968135,225.68069999,0.0
1500593142688,33968136,225.68069995,0.0
1500593142688,33968136,225.68069993,2.860501
1500593142798,33968137,227.10070834,2.643423
1500593142798,33968137,227.10070845,0.0
1500593142885,33968138,225.68069994,0.0
1500593142885,33968138,225.68069999,2.220506
1500593143064,33968140,225.68069992,2.220506
1500593143064,33968140,225.68069999,0.0
1500593143076,33968141,225.68069993,0.0
1500593143076,33968141,225.68069991,2.860501
1500593143254,33968142,225.68069992,0.0
1500593143254,33968142,225.68069999,2.220506
1500593143419,33968143,225.69069973,0.0
1500593143419,33968143,225.6806999,0.620012
1500593143435,33968144,225.68069989,2.860501
1500593143435,33968144,225.68069991,0.0
1500593143435,33968145,225.6806999,2.840518
1500593143435,33968145,225.68069999,0.0
1500593144216,33968146,225.68069988,2.220506
1500593144216,33968146,225.6806999,0.620012
1500593144229,33968147,225.68069989,0.0
1500593144229,33968147,225.68069987,2.860501
1500593144391,33968148,225.6708,5.774347
1500593144391,33968148,225.6807,0.0
1500593144400,33968149,225.67079999,2.860501
1500593144400,33968149,225.68069987,0.0
1500593144407,33968150,225.68069999,2.221845
1500593144407,33968150,225.68069988,0.0
1500593144516,33968151,225.69069975,0.0
1500593144566,33968152,225.67079998,0.620012
1500593144566,33968152,225.6806999,0.0
1500593144584,33968153,225.67079998,2.841857
1500593144584,33968153,225.68069999,0.0
1500593144588,33968154,225.67079999,0.0
1500593144588,33968154,225.67079997,2.860501
1500593144769,33968155,225.67079998,0.620012
1500593144769,33968155,225.67079997,5.082346
1500593144777,33968156,225.67079996,2.860501
1500593144777,33968156,225.67079997,2.221845
1500593144823,33968157,225.66389999,5.81062
1500593144831,33968158,225.66389998,2.860501
1500593144831,33968158,225.67079996,0.0
1500593144965,33968160,225.67079996,2.221845
1500593144965,33968160,225.67079997,0.0
1500593145021,33968161,225.66389999,0.0
1500593145130,33968163,225.66389997,2.221845
1500593145130,33968163,225.67079996,0.0
1500593145139,33968164,225.66389996,2.860501
1500593145139,33968164,225.66389998,0.0
1500593145239,33968165,225.66049998,4.62955
1500593145254,33968166,225.66049997,2.860501
1500593145254,33968166,225.66389996,0.0
1500593145318,33968167,225.66389997,0.0
1500593145318,33968167,225.66389995,2.221845
1500593145502,33968168,225.66389995,0.0
1500593145502,33968168,225.66049996,2.221845
1500593145521,33968169,225.66049997,0.0
1500593145521,33968169,225.66049995,2.860501
1500593145522,33968170,232.86731937,0.440767
1500593145522,33968170,231.25180603,0.0
1500593145522,33968171,225.66049998,0.0
1500593145615,33968172,225.67079998,0.0
1500593145615,33968172,225.66049994,0.620012
1500593145628,33968173,225.66049993,2.860501
1500593145628,33968173,225.66049995,0.0
1500593145699,33968175,225.66049996,0.0
1500593145699,33968175,225.66049997,2.221845
1500593145810,33968176,225.65819995,4.30238
1500593145877,33968177,225.66049993,0.0
1500593145877,33968177,225.65819994,2.860501
1500593145878,33968178,225.66049997,0.0
1500593145878,33968178,225.66049992,2.221845
1500593145929,33968179,225.69529993,0.0
1500593146006,33968180,225.64919994,5.67025
1500593146019,33968181,225.65819994,0.0
1500593146019,33968181,225.64919993,2.860501
1500593146103,33968182,225.64919994,0.0
1500593146186,33968184,225.66049992,0.0
1500593146186,33968184,225.64919993,5.082346
1500593146210,33968185,225.65819995,0.0
1500593146305,33968186,225.63929993,5.47068
1500593146366,33968187,225.64919993,2.860501
1500593146366,33968187,225.64919992,2.221845
1500593146547,33968188,225.64919992,0.0
1500593146547,33968188,225.63929992,2.221845
1500593146608,33968190,249.78,65.46
1500593146649,33968191,225.63569992,2.49509
1500593146649,33968192,225.64919993,0.0
1500593146649,33968192,225.64919992,2.860501
1500593146826,33968193,225.63929992,0.0
1500593146826,33968193,225.63569991,2.221845
1500593146844,33968194,225.64919992,0.0
1500593146844,33968194,225.6356999,2.860501
1500593147030,33968196,225.63569989,2.221845
1500593147030,33968196,225.63569991,0.0
1500593147039,33968197,225.63569988,2.860501
1500593147039,33968197,225.6356999,0.0
1500593147216,33968198,225.63569987,2.221845
1500593147216,33968198,225.63569989,0.0
1500593147224,33968199,225.63569988,0.0
1500593147224,33968199,225.63569986,2.860501
1500593147393,33968201,225.66049994,0.0
1500593147393,33968201,225.63569985,0.620012
1500593147403,33968202,225.63569992,0.0
1500593147403,33968203,225.63569984,2.860501
1500593147403,33968203,225.63569986,0.0
1500593147406,33968204,225.63569991,2.221845
1500593147406,33968204,225.63569987,0.0
1500593147588,33968205,225.63569983,2.221845
1500593147588,33968205,225.63569991,0.0
1500593147598,33968206,225.63569982,2.860501
1500593147598,33968206,225.63569984,0.0
1500593147721,33968207,225.63229985,2.14862
1500593147744,33968208,225.63229984,2.860501
1500593147744,33968208,225.63569982,0.0
1500593147815,33968209,225.63569983,0.0
1500593147815,33968209,225.63569981,2.221845
1500593148001,33968210,225.63569981,0.0
1500593148001,33968210,225.63229983,2.221845
1500593148010,33968211,225.63229982,2.860501
1500593148010,33968211,225.63229984,0.0
1500593148114,33968212,225.63229982,6.603471
1500593148132,33968213,225.63229981,2.860501
1500593148132,33968213,225.63229982,3.74297
1500593148187,33968214,225.63229981,5.082346
1500593148187,33968214,225.63229983,0.0
1500593148197,33968215,225.6322998,2.860501
1500593148197,33968215,225.63229981,2.221845
1500593148347,33968216,239.9955,0.0
1500593148378,33968217,225.6322998,5.082346
1500593148378,33968217,225.63229981,0.0
1500593148387,33968218,225.63229979,2.860501
1500593148387,33968218,225.6322998,2.221845
1500593148476,33968219,225.6278998,5.89159
1500593148503,33968220,225.62789979,2.860501
1500593148503,33968220,225.63229979,0.0
1500593148561,33968221,225.63229979,2.221845
1500593148561,33968221,225.6322998,0.0
1500593148797,33968222,225.62789978,0.620012
1500593148797,33968222,225.63569985,0.0
1500593148797,33968223,225.6609,5.716603
1500593148797,33968223,225.6708,0.0
1500593148797,33968224,225.62789978,2.841857
1500593148797,33968224,225.63229979,0.0
1500593148808,33968225,225.61639979,3.66875
1500593148819,33968227,225.62789979,0.0
1500593148819,33968227,225.62789977,3.129638
1500593148832,33968228,225.61639978,3.129638
1500593148832,33968228,225.62789977,0.0
1500593148982,33968229,225.62789977,2.221845
1500593148982,33968229,225.62789978,0.620012
1500593149170,33968230,225.61639977,2.221845
1500593149170,33968230,225.62789977,0.0
1500593149179,33968231,225.61639978,0.0
1500593149179,33968231,225.61639976,3.129638
1500593149216,33968232,225.61639979,0.0
1500593149357,33968234,225.61639978,2.221845
1500593149357,33968234,225.61639977,0.0
1500593149412,33968235,225.60609976,2.14435
1500593149420,33968236,225.60609975,3.129638
1500593149420,33968236,225.61639976,0.0
1500593149488,33968237,225.60609974,0.620012
1500593149488,33968237,225.62789978,0.0
1500593149497,33968238,225.60609975,0.0
1500593149497,33968238,225.60609973,3.129638
1500593149520,33968239,225.60609976,0.0
1500593149548,33968240,225.61639978,0.0
1500593149548,33968240,225.61639975,2.221845
1500593149640,33968242,225.61029976,0.85474
1500593149733,33968243,225.60609972,2.221845
1500593149733,33968243,225.61639975,0.0
1500593149741,33968244,225.60609971,3.129638
1500593149741,33968244,225.60609973,0.0
1500593149802,33968245,225.60369973,1.15288
1500593149814,33968246,225.60609971,0.0
1500593149814,33968246,225.60369972,3.129638
1500593149920,33968247,225.60609972,0.0
1500593149920,33968247,225.6060997,2.222882
1500593150013,33968248,225.59609973,4.73871
1500593150021,33968249,225.59609972,3.129638
1500593150021,33968249,225.60369972,0.0
1500593150116,33968250,225.6060997,0.0
1500593150116,33968250,225.60369971,2.222882
1500593150300,33968252,225.59609971,2.222882
1500593150300,33968252,225.60369971,0.0
1500593150310,33968253,225.5960997,3.129638
1500593150310,33968253,225.59609972,0.0
1500593150494,33968254,225.59609971,0.0
1500593150494,33968254,225.59609969,2.222882
1500593150508,33968255,225.59609968,3.129638
1500593150508,33968255,225.5960997,0.0
1500593150538,33968256,225.59609968,3.74965
1500593150538,33968256,225.60609974,0.0
1500593150550,33968257,225.59609967,3.129638
1500593150550,33968257,225.59609968,0.620012
1500593150643,33968258,231.61710418,0.440767
1500593150643,33968258,232.86731937,0.0
1500593150686,33968259,225.59609969,0.0
1500593150686,33968259,225.59609967,5.35252
1500593150697,33968260,225.59609967,2.222882
1500593150697,33968260,225.59609966,3.129638
1500593150786,33968262,225.6278998,0.0
1500593150864,33968263,225.59609967,0.0
1500593150864,33968263,225.59609966,5.35252
1500593150921,33968264,225.59609966,2.222882
1500593150921,33968264,225.59609965,3.129638
1500593150923,33968265,225.59609973,0.0
1500593151043,33968266,225.59609966,0.0
1500593151043,33968266,225.59609965,5.35252
1500593151057,33968268,225.59609964,3.129638
1500593151057,33968268,225.59609965,2.222882
1500593151057,33968269,225.58929965,0.65757
1500593151220,33968270,225.59609964,5.35252
1500593151220,33968270,225.59609965,0.0
1500593151229,33968271,225.59609964,2.222882
1500593151229,33968271,225.58929964,3.129638
1500593151291,33968272,225.58929965,0.0
1500593151399,33968273,225.59609964,0.0
1500593151399,33968273,225.58929964,5.35252
1500593151409,33968274,225.58929963,3.129638
1500593151409,33968274,225.58929964,2.222882
1500593151574,33968275,225.6609,0.0
1500593151574,33968275,228.9901,10.59194
1500593151596,33968276,225.58929962,0.620012
1500593151596,33968276,225.59609968,0.0
1500593151597,33968277,225.58929963,5.35252
1500593151597,33968277,225.58929964,0.0
1500593151600,33968278,225.58929961,3.129638
1500593151600,33968278,225.58929963,2.222882
1500593151778,33968279,225.5892996,2.222882
1500593151778,33968279,225.58929963,0.0
1500593151786,33968280,225.58929961,0.0
1500593151786,33968280,225.58929959,3.129638
1500593151963,33968281,225.5892996,0.0
1500593151963,33968281,225.58929961,2.222882
1500593151978,33968282,227.85003225,0.207345
1500593151978,33968282,227.10070855,0.0
1500593152142,33968283,225.58929961,0.0
1500593152142,33968283,225.58929958,2.222882
1500593152161,33968284,225.58929959,0.0
1500593152161,33968284,225.58929957,3.129638
1500593152391,33968286,225.63229982,0.0
1500593152426,33968287,225.58929958,0.0
1500593152426,33968287,225.58929961,2.222882
1500593152492,33968288,239.9921,22.26466
1500593152523,33968289,225.58929962,0.0
1500593152523,33968289,225.58929956,0.620012
1500593152532,33968290,225.58929957,0.0
1500593152532,33968290,225.58929955,3.129638
1500593152658,33968292,225.58929961,0.0
1500593152658,33968292,225.58929956,2.842894
1500593152774,33968294,239.9921,0.0
1500593152838,33968295,225.58929956,0.620012
1500593152838,33968295,225.58929954,2.222924
1500593152847,33968296,225.58929953,3.129638
1500593152847,33968296,225.58929955,0.0
1500593152988,33968297,239.9886,5.27937
1500593153052,33968298,225.58929954,0.0
1500593153052,33968298,225.58929952,2.222924
1500593153053,33968299,225.58929953,0.0
1500593153053,33968299,225.58929951,3.129638
1500593153227,33968300,225.58929952,0.0
1500593153227,33968300,225.60369972,2.222924
1500593153406,33968301,225.5892995,2.222924
1500593153406,33968301,225.60369972,0.0
1500593153416,33968302,225.58929951,0.0
1500593153416,33968302,225.58929949,3.129638
1500593153577,33968303,225.58929956,0.0
1500593153577,33968303,225.58929948,0.620012
1500593153588,33968304,225.58929947,3.129638
1500593153588,33968304,225.58929949,0.0
1500593153594,33968305,225.5892995,0.0
1500593153594,33968305,225.58929955,2.222924
1500593153747,33968306,225.6848,6.189524
1500593153747,33968306,228.9901,0.0
1500593153773,33968307,225.58929946,2.222924
1500593153773,33968307,225.58929955,0.0
1500593153780,33968308,225.58929947,0.0
1500593153780,33968308,225.58929945,3.129638
1500593153872,33968309,225.61029976,0.0
1500593153958,33968310,225.58929946,0.0
1500593153958,33968310,225.58929947,2.222924
1500593154138,33968311,225.58929947,0.0
1500593154138,33968311,225.58929944,2.222924
1500593154152,33968312,225.58929945,0.0
1500593154152,33968312,225.58929943,3.129638
1500593154234,33968313,225.60369973,0.0
1500593154334,33968314,225.58929944,0.0
1500593154334,33968314,225.58929947,2.222924
1500593154340,33968315,239.9886,0.0
1500593154349,33968316,231.61710418,0.0
1500593154349,33968316,230.66566552,0.440767
1500593154414,33968317,225.63229985,0.0
1500593154511,33968318,225.58929947,0.0
1500593154511,33968318,225.58929942,2.222924
1500593154519,33968319,225.58929943,0.0
1500593154519,33968319,225.58929941,3.129638
1500593154695,33968320,225.58929942,0.0
1500593154695,33968320,225.58929947,2.222924
1500593154894,33968321,225.58929947,0.0
1500593154894,33968321,225.5892994,2.222924
1500593154894,33968322,225.58929941,0.0
1500593154894,33968322,225.58929939,3.129638
1500593155062,33968324,225.58929947,2.222924
1500593155062,33968324,225.5892994,0.0
1500593155232,33968327,225.6848,0.0
1500593155232,33968327,225.6749,6.127628
1500593155241,33968328,225.58929947,0.0
1500593155241,33968328,225.58929938,2.222924
1500593155265,33968329,225.58929939,0.0
1500593155265,33968329,225.58929937,3.129638
1500593155444,33968330,225.58929938,0.0
1500593155444,33968330,225.58929947,2.222924
1500593155571,33968331,225.58929936,0.620012
1500593155571,33968331,225.58929948,0.0
1500593155588,33968332,225.58929935,3.129638
1500593155588,33968332,225.58929937,0.0
1500593155623,33968333,225.58929947,0.0
1500593155623,33968333,225.58929936,2.842936
1500593155810,33968335,225.58929936,0.620012
1500593156615,33968336,225.58929936,0.0
1500593156615,33968336,225.58929934,0.620012
1500593156624,33968337,225.58929933,3.129638
1500593156624,33968337,225.58929935,0.0
1500593157662,33968339,225.58929934,0.0
1500593157662,33968339,225.58929932,0.620012
1500593157671,33968340,225.58929931,3.129638
1500593157671,33968340,225.58929933,0.0
1500593158512,33968342,225.5892993,0.620012
1500593158512,33968342,225.58929932,0.0
1500593158523,33968343,225.58929929,3.129638
1500593158523,33968343,225.58929931,0.0
1500593158815,33968344,228.9901,10.59194
1500593158815,33968344,225.6749,0.0
1500593159118,33968346,225.63929993,0.0
1500593159247,33968347,228.987,5.89159
1500593159683,33968349,227.85003224,2.863917
1500593159683,33968349,227.10070844,0.0
1500593159846,33968350,228.9771,5.832674
1500593159846,33968350,228.9901,0.0
1500593160118,33968352,227.10070834,0.0
1500593160118,33968352,227.85003214,2.643423
1500593160603,33968353,225.58929928,0.620012
1500593160603,33968353,225.5892993,0.0
1500593160613,33968354,225.58929929,0.0
1500593160613,33968354,225.58929927,3.129638
1500593160840,33968355,248.26,0.0
1500593160840,33968355,250.17,58.88
1500593161331,33968359,225.69479973,0.0
1500593161619,33968361,230.66566552,0.0
1500593161619,33968361,230.36897997,0.440767
1500593162008,33968362,227.85003213,6.252045
1500593162579,33968364,225.58929926,0.620012
1500593162579,33968364,225.58929928,0.0
1500593162588,33968365,225.58929925,3.129638
1500593162588,33968365,225.58929927,0.0
1500593162634,33968367,228.9771,0.0
1500593162634,33968367,227.8401,6.189524
1500593164125,33968372,227.8400999,2.643423
1500593164125,33968372,227.85003214,0.0
1500593164473,33968373,225.58929926,0.0
1500593164473,33968373,225.58929924,0.620012
1500593164486,33968374,225.58929925,0.0
1500593164486,33968374,225.58929923,3.129638
1500593164980,33968377,228.31387504,0.207345
1500593164980,33968377,227.85003225,0.0
1500593165619,33968382,225.58929922,0.620012
1500593165619,33968382,225.58929924,0.0
1500593165664,33968383,225.58929921,3.129638
1500593165664,33968383,225.58929923,0.0
1500593165730,33968384,227.8401,0.0
1500593165730,33968384,227.8302,6.127628
1500593166371,33968387,227.8301999,2.643423
1500593166371,33968387,227.8400999,0.0
1500593166490,33968388,248.28,0.0
1500593166490,33968388,249.96,86.15
1500593166570,33968389,225.5892992,0.620012
1500593166570,33968389,225.58929922,0.0
1500593166580,33968390,225.58929919,3.129638
1500593166580,33968390,225.58929921,0.0
1500593167624,33968394,225.58929918,0.620012
1500593167624,33968394,225.5892992,0.0
1500593167643,33968395,225.58929917,3.129638
1500593167643,33968395,225.58929919,0.0
1500593167721,33968396,229.57939464,0.440767
1500593167721,33968396,230.36897997,0.0
1500593168150,33968400,225.58929723,0.8
1500593168177,33968402,225.58929917,0.0
1500593168177,33968402,225.58929722,3.129638
1500593170184,33968407,228.987,0.0
1500593170232,33968408,227.8203,6.066351
1500593170232,33968408,227.8302,0.0
1500593170324,33968409,227.8209999,5.89159
1500593170930,33968410,227.8202999,2.643423
1500593170930,33968410,227.8301999,0.0
1500593171152,33968411,227.88442011,0.104191
1500593171152,33968411,228.31387504,0.0
1500593171589,33968413,248.39,0.0
1500593171589,33968413,250.2,173.1
1500593171758,33968414,227.8104,6.005687
1500593171758,33968414,227.8203,0.0
1500593172472,33968415,227.8103999,2.643423
1500593172472,33968415,227.8202999,0.0
1500593172638,33968417,225.58929918,0.0
1500593172638,33968417,225.58929721,0.620012
1500593172668,33968418,225.5892972,3.129638
1500593172668,33968418,225.58929722,0.0
1500593172840,33968421,225.58929721,0.0
1500593172840,33968421,225.58929719,0.620012
1500593172854,33968422,225.58929718,3.129638
1500593172854,33968422,225.5892972,0.0
1500593172887,33968423,227.8104,0.0
1500593172887,33968423,227.8005,5.94563
1500593172984,33968426,248.53,0.0
1500593172984,33968426,252.26,150.0
1500593173043,33968427,225.58929719,0.0
1500593173043,33968427,225.58929717,0.620012
1500593173064,33968428,225.58929718,0.0
1500593173064,33968428,225.58929716,3.129638
1500593173267,33968430,225.58929717,0.0
1500593173267,33968430,225.58929715,0.620012
1500593173305,33968431,225.58929714,3.129638
1500593173305,33968431,225.58929716,0.0
1500593173305,33968432,227.8103999,0.0
1500593173305,33968432,227.8004999,2.643423
1500593173473,33968434,225.58929713,0.620012
1500593173473,33968434,225.58929715,0.0
1500593173484,33968435,225.58929714,0.0
1500593173484,33968435,225.58929712,3.129638
1500593173684,33968436,225.58929713,0.0
1500593173684,33968436,225.58929711,0.620012
1500593173701,33968437,225.5892971,3.129638
1500593173701,33968437,225.58929712,0.0
1500593174112,33968439,227.34521627,0.104191
1500593174112,33968439,227.88442011,0.0
1500593174277,33968440,227.7906,5.886173
1500593174277,33968440,227.8005,0.0
1500593174622,33968442,225.58929709,0.620012
1500593174622,33968442,225.58929711,0.0
1500593174657,33968443,225.5892971,0.0
1500593174657,33968443,225.58929708,3.129638
1500593175380,33968446,229.57939464,0.0
1500593175380,33968446,230.12396151,0.440767
1500593175409,33968447,227.7807,5.827311
1500593175409,33968447,227.7906,0.0
1500593175696,33968448,225.58929707,0.620012
1500593175696,33968448,225.58929709,0.0
1500593175697,33968449,227.34521617,2.643423
1500593175697,33968449,227.8004999,0.0
1500593175734,33968451,225.58929706,3.129638
1500593175734,33968451,225.58929708,0.0
1500593176757,33968456,227.7708,5.769037
1500593176757,33968456,227.7807,0.0
1500593177610,33968457,225.58929705,0.620012
1500593177610,33968457,225.58929707,0.0
1500593177781,33968459,225.58929706,0.0
1500593177781,33968459,225.58929704,3.129638
1500593177951,33968460,227.7609,5.711346
1500593177951,33968460,227.7708,0.0
1500593178599,33968461,225.58929703,0.620012
1500593178599,33968461,225.58929705,0.0
1500593178608,33968462,225.58929704,0.0
1500593178608,33968462,225.58929702,3.129638
1500593178816,33968463,227.85003224,0.0
1500593178816,33968463,227.34521616,2.863917
1500593179537,33968464,225.58929701,0.620012
1500593179537,33968464,225.58929703,0.0
1500593179548,33968465,225.589297,3.104837
1500593179548,33968465,225.58929702,0.0
1500593179707,33968467,227.751,5.654232
1500593179707,33968467,227.7609,0.0
1500593180582,33968468,225.58929699,0.620012
1500593180582,33968468,225.58929701,0.0
1500593180601,33968469,225.589297,0.0
1500593180601,33968469,225.58929698,3.104837
1500593180626,33968470,227.34521617,0.0
1500593180626,33968470,227.34521606,2.643423
1500593180820,33968471,227.7411,5.597689
1500593180820,33968471,227.751,0.0
1500593180958,33968472,227.8209999,0.0
1500593181214,33968475,227.8167999,5.89159
1500593181497,33968476,225.58929723,0.0
1500593181528,33968477,225.58929697,0.620012
1500593181528,33968477,225.58929699,0.0
1500593181539,33968478,225.58929696,3.104837
1500593181539,33968478,225.58929698,0.0
1500593182029,33968480,227.74006977,0.104191
1500593182029,33968480,227.34521627,0.0
1500593182203,33968482,227.7411,0.0
1500593182203,33968482,227.7312,5.541712
1500593182338,33968483,227.85003213,0.0
1500593182984,33968485,227.34521605,6.252045
1500593183569,33968487,229.21698998,0.440767
1500593183569,33968487,230.12396151,0.0
1500593183702,33968488,227.7312,0.0
1500593183702,33968488,225.5793,3.073788
1500593183724,33968489,225.58929696,0.0
1500593183724,33968489,225.57929999,3.104837
1500593183725,33968490,227.34521606,0.0
1500593183725,33968490,227.34521595,2.643423
1500593184809,33968495,225.5693,3.073788
1500593184809,33968495,225.5793,0.0
1500593184818,33968496,225.57929999,0.0
1500593184818,33968496,225.56929999,3.104837
1500593186203,33968503,225.5693,0.0
1500593186203,33968503,225.5593,3.073788
1500593186211,33968504,225.55929999,3.104837
1500593186211,33968504,225.56929999,0.0
1500593186542,33968508,225.55929998,0.620012
1500593186542,33968508,225.58929697,0.0
1500593186550,33968509,225.55929997,3.104837
1500593186550,33968509,225.55929999,0.0
1500593186763,33968511,225.55929998,0.0
1500593186763,33968511,225.55929996,0.620012
1500593186780,33968512,225.55929995,3.104837
1500593186780,33968512,225.55929997,0.0
1500593187027,33968513,225.55929994,0.620012
1500593187027,33968513,225.55929996,0.0
1500593187046,33968514,225.55929993,3.104837
1500593187046,33968514,225.55929995,0.0
1500593187167,33968515,225.55929992,0.620012
1500593187167,33968515,225.55929994,0.0
1500593187201,33968516,225.55929993,0.0
1500593187201,33968516,225.55929991,3.104837
1500593187337,33968517,225.5593,0.0
1500593187337,33968517,225.5493,3.073788
1500593187353,33968518,225.55929991,0.0
1500593187353,33968518,225.54929999,3.104837
1500593187590,33968519,225.54929998,0.620012
1500593187590,33968519,225.55929992,0.0
1500593187605,33968520,225.54929997,3.104837
1500593187605,33968520,225.54929999,0.0
1500593187642,33968521,227.74006977,0.0
1500593187642,33968521,227.43683831,0.104191
1500593188502,33968526,225.5393,3.073788
1500593188502,33968526,225.5493,0.0
1500593188511,33968527,225.54929997,0.0
1500593188511,33968527,225.53929999,3.104837
1500593188532,33968528,225.54929996,0.620012
1500593188532,33968528,225.54929998,0.0
1500593189126,33968529,224.50582936,35.22659
1500593189139,33968530,224.50582936,28.182631
1500593189140,33968531,225.53929999,0.0
1500593189140,33968531,224.50582935,3.104837
1500593189237,33968532,231.95,0.0
1500593189237,33968533,224.49942936,20.10841
1500593189249,33968534,224.50582935,0.0
1500593189249,33968534,224.49942935,3.104837
1500593189249,33968535,224.49942935,2.085667
1500593189363,33968536,224.49942935,0.0
1500593189363,33968536,224.49942936,19.710083
1500593189681,33968539,224.49942935,3.104837
1500593189771,33968540,225.5393,0.0
1500593189771,33968540,225.5294,3.04305
1500593189789,33968541,229.9999,34.618
1500593190544,33968542,225.54929996,0.0
1500593190544,33968542,224.49942934,0.620012
1500593190553,33968543,224.49942935,0.0
1500593190553,33968543,224.49942933,3.104837
1500593191399,33968544,229.21698998,0.0
1500593191399,33968544,231.78132806,0.440767
1500593191493,33968545,227.8167999,0.0
1500593191569,33968546,225.5294,0.0
1500593191569,33968546,225.5195,3.012619
1500593191702,33968547,224.49942934,0.0
1500593191702,33968547,224.49942933,0.0
1500593191702,33968547,224.50582936,0.0
1500593191702,33968547,224.49942936,0.0
1500593191860,33968550,227.34291595,5.89159
1500593191881,33968552,225.51949999,2.790326
1500593191975,33968553,227.34291585,2.643423
1500593191975,33968553,227.34521595,0.0
1500593192707,33968557,227.333,5.832674
1500593192707,33968557,225.5195,0.0
1500593192716,33968558,227.33299999,2.790326
1500593192716,33968558,225.51949999,0.0
1500593192893,33968561,227.33299998,2.862121
1500593192903,33968562,227.33299997,2.790326
1500593192903,33968562,227.33299999,0.0
1500593193096,33968564,227.33299996,2.862121
1500593193096,33968564,227.33299998,0.0
1500593193096,33968565,227.33299997,0.0
1500593193096,33968565,227.33299995,2.790326
1500593193132,33968566,227.34291585,0.0
1500593193132,33968566,227.33299989,2.643423
1500593193133,33968568,227.32989997,5.89159
1500593193133,33968569,227.33299995,0.0
1500593193133,33968569,227.33299988,2.790326
1500593193136,33968570,227.33299988,0.0
1500593193136,33968570,227.32989996,2.790326
1500593193207,33968571,239.9916,20.1084
1500593193269,33968573,227.33299996,0.0
1500593193269,33968573,227.33299999,2.862121
1500593193767,33968576,227.32989995,2.862121
1500593193767,33968576,227.33299999,0.0
1500593193778,33968577,227.32989994,2.790326
1500593193778,33968577,227.32989996,0.0
1500593193941,33968578,227.333,0.0
1500593193941,33968578,227.3199,5.832674
1500593193956,33968579,227.32989994,0.0
1500593193956,33968579,227.31989999,2.790326
1500593193956,33968580,227.32989993,2.866989
1500593193956,33968580,227.32989995,0.0
1500593194012,33968582,227.31989994,5.1
1500593194016,33968583,227.43683831,0.0
1500593194016,33968583,228.12341534,0.104191
1500593194021,33968584,227.31989993,2.790326
1500593194021,33968584,227.31989999,0.0
1500593194189,33968585,227.32989993,0.0
1500593194189,33968585,227.31989993,5.657315
1500593194199,33968586,227.31989992,2.790326
1500593194199,33968586,227.31989993,2.866989
1500593194368,33968587,227.31989992,5.657315
1500593194368,33968587,227.31989993,0.0
1500593194386,33968588,227.31989992,2.866989
1500593194386,33968588,227.31989991,2.790326
1500593194547,33968589,227.31989992,0.0
1500593194547,33968589,227.31989991,5.657315
1500593194558,33968590,227.31989991,2.866989
1500593194558,33968590,227.3198999,2.790326
1500593194726,33968591,227.31989991,0.0
1500593194726,33968591,227.31989993,2.866989
1500593194906,33968592,227.31989989,2.866989
1500593194906,33968592,227.31989993,0.0
1500593194925,33968593,227.31989988,2.790326
1500593194925,33968593,227.3198999,0.0
1500593195076,33968595,227.3199,0.0
1500593195076,33968595,227.3099,5.049
1500593195084,33968596,227.31989988,0.0
1500593195084,33968596,227.30989999,2.790326
1500593195258,33968597,227.31989989,0.0
1500593195258,33968597,227.31989987,2.866989
1500593195438,33968598,227.30989998,2.866989
1500593195438,33968598,227.31989987,0.0
1500593195446,33968599,227.30989997,2.790326
1500593195446,33968599,227.30989999,0.0
1500593195576,33968602,227.33299989,0.0
1500593195576,33968602,227.30989989,2.643423
1500593195590,33968603,227.30989988,2.790326
1500593195590,33968603,227.30989997,0.0
1500593195623,33968604,227.30989996,2.866989
1500593195623,33968604,227.30989998,0.0
1500593195805,33968605,227.30989987,2.866989
1500593195805,33968605,227.30989996,0.0
1500593195815,33968606,227.30989986,2.790326
1500593195815,33968606,227.30989988,0.0
1500593195992,33968607,227.30989987,0.0
1500593195992,33968607,227.30989985,2.866989
1500593196000,33968608,227.30989986,0.0
1500593196000,33968608,227.30989984,2.790326
1500593196116,33968609,227.30989989,0.0
1500593196116,33968609,227.30989976,2.643423
1500593196124,33968610,227.30989975,2.790326
1500593196124,33968610,227.30989984,0.0
1500593196179,33968611,227.30989985,0.0
1500593196179,33968611,227.30989988,2.866989
1500593196286,33968612,227.3,4.99851
1500593196286,33968612,227.3099,0.0
1500593196296,33968613,227.29999999,2.790326
1500593196296,33968613,227.30989975,0.0
1500593196358,33968614,227.30989974,2.866989
1500593196358,33968614,227.30989988,0.0
1500593196538,33968615,227.29999998,2.860894
1500593196538,33968615,227.30989974,0.0
1500593196596,33968616,227.29999999,0.0
1500593196596,33968616,227.29999997,2.790326
1500593196615,33968618,227.29999989,2.643423
1500593196615,33968618,227.30989976,0.0
1500593196629,33968619,227.29999988,2.790326
1500593196629,33968619,227.29999997,0.0
1500593196777,33968620,227.29999999,2.860894
1500593196777,33968620,227.29999998,0.0
1500593197023,33968621,227.29999999,0.0
1500593197023,33968621,227.29999987,2.860894
1500593197051,33968622,227.29999988,0.0
1500593197051,33968622,227.29999986,2.790326
1500593197231,33968623,227.29999987,0.0
1500593197231,33968623,227.29999988,2.860894
1500593197371,33968624,227.29999978,2.643423
1500593197371,33968624,227.29999989,0.0
1500593197386,33968625,227.29999977,2.790326
1500593197386,33968625,227.29999986,0.0
1500593197412,33968626,227.3,0.0
1500593197412,33968626,227.2901,4.948524
1500593197427,33968627,227.29009999,2.790326
1500593197427,33968627,227.29999977,0.0
1500593197508,33968628,227.29999988,0.0
1500593197508,33968628,227.29999985,2.860894
1500593197723,33968631,227.29999985,0.0
1500593197723,33968631,227.29009998,2.860894
1500593197730,33968632,227.29009997,2.790326
1500593197730,33968632,227.29009999,0.0
1500593197821,33968634,231.78132806,0.0
1500593197821,33968634,230.32421182,0.440767
1500593197907,33968635,227.29009996,2.860894
1500593197907,33968635,227.29009998,0.0
1500593197915,33968636,227.29009997,0.0
1500593197915,33968636,227.29009995,2.790326
1500593198093,33968638,227.29009999,2.860894
1500593198093,33968638,227.29009996,0.0
1500593198196,33968640,227.29999978,0.0
1500593198196,33968640,227.29009987,2.643423
1500593198205,33968641,227.29009986,3.104837
1500593198205,33968641,227.29009995,0.0
1500593198238,33968642,227.29009986,0.0
1500593198238,33968642,227.29009987,0.814835
1500593198279,33968643,227.29009994,2.860894
1500593198279,33968643,227.29009999,0.0
1500593198336,33968644,227.29009986,2.571486
1500593198507,33968645,227.2802,4.899038
1500593198507,33968645,227.2901,0.0
1500593198514,33968646,227.29009994,0.0
1500593198514,33968646,227.29009985,2.860894
1500593198519,33968647,227.29009986,0.0
1500593198519,33968647,227.28019999,2.571486
1500593198817,33968648,227.29009985,0.0
1500593198817,33968648,227.28019999,5.43238
1500593198848,33968650,227.28019999,2.860894
1500593198848,33968650,227.28019998,2.571486
1500593199002,33968652,227.28019999,0.0
1500593199002,33968652,227.28019998,5.43238
1500593199027,33968653,227.28019998,2.860894
1500593199027,33968653,227.28019997,2.571486
1500593199183,33968654,227.28019998,0.0
1500593199183,33968654,227.28019999,2.860894
1500593199366,33968655,227.28019999,0.0
1500593199366,33968655,227.28019996,2.860894
1500593199374,33968656,227.28019997,0.0
1500593199374,33968656,227.28019995,2.571486
1500593199439,33968657,227.28019997,2.863917
1500593199439,33968657,227.34521616,0.0
1500593199608,33968658,227.2703,4.850047
1500593199608,33968658,227.2802,0.0
1500593199654,33968659,227.28019995,0.0
1500593199654,33968659,227.27029999,2.571486
1500593199654,33968660,227.28019994,0.61958
1500593199695,33968661,227.28019996,2.850643
1500593200164,33968663,227.31989994,0.0
1500593200176,33968664,227.28019996,0.0
1500593200176,33968664,227.27029998,2.850643
1500593200186,33968665,227.27029999,0.0
1500593200186,33968665,227.27029997,2.571486
1500593200364,33968666,227.27029999,2.850643
1500593200364,33968666,227.27029998,0.0
1500593200542,33968667,227.29009987,0.0
1500593200542,33968667,227.27029987,0.814835
1500593200543,33968668,227.27029997,0.0
1500593200543,33968668,227.27029986,2.571486
1500593200547,33968669,227.27029999,0.0
1500593200547,33968669,227.27029996,2.850643
1500593200708,33968672,227.2604,4.801546
1500593200708,33968672,227.2703,0.0
1500593200717,33968673,227.27029986,0.0
1500593200717,33968673,227.26039999,2.571486
1500593200725,33968674,227.27029996,0.0
1500593200725,33968674,227.27029985,2.850643
1500593200908,33968675,227.27029985,0.0
1500593200908,33968675,227.26039998,2.850643
1500593200919,33968676,227.26039997,2.571486
1500593200919,33968676,227.26039999,0.0
1500593200927,33968677,227.26039989,1.086111
1500593200935,33968678,227.26039988,2.571486
1500593200935,33968678,227.26039997,0.0
1500593201058,33968679,228.12341534,0.0
1500593201058,33968679,228.57268589,0.104191
1500593201058,33968680,227.27029987,0.0
1500593201058,33968680,227.26039989,1.900946
1500593201097,33968681,227.26039996,2.850643
1500593201097,33968681,227.26039998,0.0
1500593201276,33968682,227.26039987,2.850643
1500593201276,33968682,227.26039996,0.0
1500593201298,33968683,227.26039986,2.571486
1500593201298,33968683,227.26039988,0.0
1500593201441,33968684,227.34521605,0.0
1500593201479,33968685,227.26039987,0.0
1500593201479,33968685,227.26039985,2.850643
1500593201489,33968686,227.26039984,2.571486
1500593201489,33968686,227.26039986,0.0
1500593201501,33968687,227.26039989,1.086111
1500593201501,33968687,227.26039976,0.814835
1500593201509,33968688,227.26039975,2.571486
1500593201509,33968688,227.26039984,0.0
1500593201631,33968689,227.28019994,0.0
1500593201631,33968689,227.26039974,0.61958
1500593201641,33968690,227.26039975,0.0
1500593201641,33968690,227.26039973,2.571486
1500593201675,33968691,227.26039985,0.0
1500593201675,33968691,227.26039983,2.850643
1500593201812,33968692,227.2604,0.0
1500593201812,33968692,227.2505,4.75353
1500593201825,33968693,227.26039973,0.0
1500593201825,33968693,227.25049999,2.571486
1500593201866,33968694,227.26039987,6.252045
1500593201933,33968695,227.34291595,0.0
1500593201991,33968696,227.25049999,5.422129
1500593201991,33968696,227.26039983,0.0
1500593202000,33968697,227.25049998,2.571486
1500593202000,33968697,227.25049999,2.850643
1500593202013,33968698,227.26039989,0.0
1500593202013,33968698,227.28019987,1.086111
1500593202013,33968699,227.24639999,5.89159
1500593202026,33968700,227.24639998,2.571486
1500593202026,33968700,227.25049998,0.0
1500593202042,33968701,227.25049989,0.814835
1500593202042,33968701,227.26039976,0.0
1500593202171,33968702,227.25049998,2.850643
1500593202171,33968702,227.25049999,0.0
1500593202548,33968703,227.25049989,0.0
1500593202548,33968703,227.24639988,0.814835
1500593202561,33968704,227.24639987,2.571486
1500593202561,33968704,227.24639998,0.0
1500593202728,33968705,227.24639997,2.861288
1500593202728,33968705,227.25049998,0.0
1500593202906,33968706,227.24639997,0.0
1500593202906,33968706,227.24639986,2.861288
1500593202915,33968707,227.24639987,0.0
1500593202915,33968707,227.24639985,2.571486
1500593202981,33968708,227.23639987,5.1
1500593202994,33968709,227.23639986,2.571486
1500593202994,33968709,227.24639985,0.0
1500593203038,33968710,227.24639975,0.814835
1500593203038,33968710,227.24639988,0.0
1500593203070,33968711,227.32989997,0.0
1500593203075,33968712,227.2364,5.832674
1500593203075,33968712,227.2505,0.0
1500593203094,33968713,227.24639987,2.861288
1500593203094,33968713,227.24639986,0.0
1500593203153,33968714,227.22949986,5.89159
1500593203163,33968715,227.23639986,0.0
1500593203163,33968715,227.22949985,2.571486
1500593203406,33968716,227.24639987,0.0
1500593203406,33968716,227.22949985,5.432774
1500593203406,33968717,227.22949984,2.571486
1500593203406,33968717,227.22949985,2.861288
1500593203535,33968718,227.26039974,0.0
1500593203535,33968718,227.22949983,0.61958
1500593203574,33968719,227.22949984,0.0
1500593203574,33968719,227.22949982,2.571486
1500593203574,33968720,227.22949984,2.861288
1500593203574,33968720,227.22949985,0.0
1500593203587,33968721,229,1.862972
1500593203605,33968722,227.22949974,0.814835
1500593203605,33968722,227.24639975,0.0
1500593203611,33968723,227.22949982,0.0
1500593203611,33968723,227.22949973,2.571486
1500593203748,33968725,227.22949984,0.0
1500593203748,33968725,227.22949981,2.861288
1500593203927,33968726,227.22949972,2.861288
1500593203927,33968726,227.22949981,0.0
1500593203938,33968727,227.22949973,0.0
1500593203938,33968727,227.22949971,2.571486
1500593204034,33968729,227.22949974,0.0
1500593204034,33968729,227.22949962,0.814835
1500593204043,33968730,227.22949971,0.0
1500593204043,33968730,227.22949961,2.571486
1500593204119,33968731,227.22949972,0.0
1500593204119,33968731,227.22949973,2.861288
1500593204180,33968732,227.2195,5.832674
1500593204180,33968732,227.2364,0.0
1500593204194,33968733,227.22949961,0.0
1500593204194,33968733,227.21949999,2.571486
1500593204296,33968734,227.22949973,0.0
1500593204296,33968734,227.2294996,2.861288
1500593204475,33968735,227.21949998,2.861288
1500593204475,33968735,227.2294996,0.0
1500593204484,33968736,227.21949999,0.0
1500593204484,33968736,227.21949997,2.571486
1500593204662,33968737,227.21949999,2.861288
1500593204662,33968737,227.21949998,0.0
1500593204670,33968738,227.22949983,0.0
1500593204670,33968738,227.21949996,0.61958
1500593204680,33968739,227.21949995,2.571486
1500593204680,33968739,227.21949997,0.0
1500593204848,33968740,227.21949999,0.0
1500593204848,33968740,227.21949996,3.480868
1500593205015,33968742,228.57268589,0.0
1500593205015,33968742,228.13506618,0.104191
1500593205030,33968743,227.21949996,0.61958
1500593205030,33968743,227.21949994,2.861288
1500593205042,33968744,227.21949993,2.571486
1500593205042,33968744,227.21949995,0.0
1500593205223,33968745,227.21949992,2.861288
1500593205223,33968745,227.21949994,0.0
1500593205231,33968746,227.21949993,0.0
1500593205231,33968746,227.21949991,2.571486
1500593205391,33968747,227.2195,0.0
1500593205391,33968747,227.2096,5.774347
1500593205402,33968748,227.21949991,0.0
1500593205402,33968748,227.20959999,2.571486
1500593205409,33968749,227.21949992,0.0
1500593205409,33968749,227.21949999,2.861288
1500593205594,33968750,227.21949999,0.0
1500593205594,33968750,227.20959998,2.858555
1500593205610,33968751,227.20959999,0.0
1500593205610,33968751,227.20959997,2.571486
1500593205614,33968752,227.21949996,0.0
1500593205614,33968752,227.20959998,3.478135
1500593205788,33968753,227.20959999,2.858555
1500593205788,33968753,227.20959998,0.61958
1500593205966,33968754,227.20959999,0.0
1500593205966,33968754,227.20959996,2.858555
1500593205978,33968755,227.20959997,0.0
1500593205978,33968755,227.20959995,2.571486
1500593206155,33968756,227.20959999,2.858555
1500593206155,33968756,227.20959996,0.0
1500593206222,33968758,227.28019987,0.0
1500593206330,33968759,227.23639987,0.0
1500593206330,33968760,227.20959985,0.814835
1500593206330,33968760,227.22949962,0.0
1500593206333,33968761,231.23827917,0.440767
1500593206333,33968761,230.32421182,0.0
1500593206344,33968762,227.20959984,2.571486
1500593206344,33968762,227.20959995,0.0
1500593206351,33968763,227.20959999,0.0
1500593206351,33968763,227.20959994,2.858555
1500593206486,33968764,229.9999,0.0
1500593206499,33968765,227.2096,0.0
1500593206499,33968765,227.1997,5.716603
1500593206515,33968766,227.20959984,0.0
1500593206515,33968766,227.19969999,2.571486
1500593206540,33968767,227.19969999,3.191066
1500593206540,33968767,227.20959998,0.0
1500593206576,33968768,227.20959983,2.858555
1500593206576,33968768,227.20959994,0.0
1500593206579,33968769,227.19969998,2.571486
1500593206579,33968769,227.19969999,0.61958
1500593206756,33968770,227.20959983,0.0
1500593206756,33968770,227.19969997,2.858555
1500593206764,33968771,227.19969996,2.571486
1500593206764,33968771,227.19969998,0.0
1500593207022,33968772,228.5726,34.618
1500593207022,33968773,227.19969995,2.858555
1500593207022,33968773,227.19969997,0.0
1500593207039,33968774,227.19969994,2.571486
1500593207039,33968774,227.19969996,0.0
1500593207218,33968775,227.19969995,0.0
1500593207218,33968775,227.19969993,2.858555
1500593207227,33968776,227.19969994,0.0
1500593207227,33968776,227.19969992,2.571486
1500593207412,33968777,227.19969993,0.0
1500593207412,33968777,227.19969998,2.858555
1500593207585,33968780,227.19969991,0.61958
1500593207585,33968780,227.19969999,0.0
1500593207590,33968781,227.19969991,3.478135
1500593207590,33968781,227.19969998,0.0
1500593207595,33968782,227.1996999,2.571486
1500593207595,33968782,227.19969992,0.0
1500593207621,33968783,227.1898,5.659436
1500593207621,33968783,227.1997,0.0
1500593207629,33968784,227.1996999,0.0
1500593207629,33968784,227.18979999,2.571486
1500593207775,33968785,227.19969991,0.61958
1500593207775,33968785,227.1996999,2.858555
1500593207955,33968787,227.1996999,0.0
1500593207955,33968787,227.18979998,2.858555
1500593207967,33968788,227.18979999,0.0
1500593207967,33968788,227.18979997,2.571486
1500593208181,33968789,227.18979998,0.0
1500593208181,33968789,227.18979999,2.858555
1500593208373,33968790,227.18979999,0.0
1500593208373,33968790,227.18979996,2.858555
1500593208387,33968791,227.18979997,0.0
1500593208387,33968791,227.18979995,2.571486
1500593208538,33968792,227.18979996,2.871337
1500593208807,33968793,227.18979994,2.871337
1500593208807,33968793,227.18979996,0.0
1500593208828,33968795,227.18979993,2.571486
1500593208828,33968795,227.18979995,0.0
1500593208976,33968796,227.1799,5.602841
1500593208976,33968796,227.1898,0.0
1500593208984,33968797,227.18979993,0.0
1500593208984,33968797,227.17989999,2.571486
1500593209013,33968798,227.18979994,0.0
1500593209013,33968798,227.18979992,2.871337
1500593209120,33968799,227.20959985,0.0
1500593209120,33968799,227.18979985,0.814835
1500593209196,33968800,227.17989998,2.871337
1500593209196,33968800,227.18979992,0.0
1500593209216,33968801,227.17989999,0.0
1500593209216,33968801,227.17989997,2.571486
1500593209393,33968802,227.17989999,2.871337
1500593209393,33968802,227.17989998,0.0
1500593209456,33968803,227.17979993,5.1
1500593209467,33968804,227.17979992,2.571486
1500593209467,33968804,227.17989997,0.0
1500593209475,33968805,227.19969991,0.0
1500593209475,33968805,227.17989996,0.61958
1500593209577,33968806,227.17989999,0.0
1500593209577,33968806,227.17989996,3.490917
1500593209756,33968807,227.17979991,2.871337
1500593209756,33968807,227.17989996,0.61958
1500593209767,33968808,227.17979992,0.0
1500593209767,33968808,227.1797999,2.571486
1500593209937,33968809,227.17989988,0.814835
1500593209937,33968809,227.18979985,0.0
1500593209949,33968810,227.17979992,2.871337
1500593209949,33968810,227.17979991,0.0
1500593210111,33968812,227.1799,0.0
1500593210111,33968812,227.1698,5.049
1500593210119,33968813,227.1797999,0.0
1500593210119,33968813,227.16979999,2.571486
1500593210128,33968814,227.17979992,0.0
1500593210128,33968814,227.17979989,2.871337
1500593210310,33968815,227.16979998,2.871337
1500593210310,33968815,227.17979989,0.0
1500593210370,33968816,227.16979999,0.0
1500593210370,33968816,227.16979997,2.571486
1500593210549,33968817,227.16979998,0.0
1500593210549,33968817,227.16979999,2.871337
1500593210728,33968818,227.16979999,0.0
1500593210728,33968818,227.16979996,2.871337
1500593210744,33968819,227.16979997,0.0
1500593210744,33968819,227.16979995,2.571486
1500593210801,33968820,227,28.423294
1500593210811,33968821,226.99999999,2.571486
1500593210811,33968821,227.16979995,0.0
1500593210841,33968822,227.16979987,0.814835
1500593210841,33968822,227.17989988,0.0
1500593210921,33968823,227.16979999,2.871337
1500593210921,33968823,227.16979996,0.0
1500593211277,33968825,226.9901,12.0
1500593211277,33968825,227.1698,0.0
1500593211291,33968826,227.16979999,0.0
1500593211291,33968826,226.99999998,2.871337
1500593211292,33968827,226.99999999,0.0
1500593211292,33968827,226.99009999,2.571486
1500593211465,33968828,226.99009998,0.61958
1500593211465,33968828,227.17989996,0.0
1500593211469,33968829,226.99999998,0.0
1500593211469,33968829,226.99009999,5.442823
1500593211476,33968830,226.99009999,2.871337
1500593211476,33968830,226.99009997,2.571486
1500593211688,33968832,226.99009999,0.0
1500593211688,33968832,226.99009997,5.431597
1500593211698,33968834,226.99009996,2.571486
1500593211698,33968834,226.99009997,2.860111
1500593211868,33968835,226.99009996,5.431597
1500593211868,33968835,226.99009997,0.0
1500593211878,33968836,226.99009995,2.571486
1500593211878,33968836,226.99009996,2.860111
1500593211969,33968837,228.13506618,0.0
1500593211969,33968837,227.54994834,0.104191
1500593212048,33968838,226.99009995,5.431597
1500593212048,33968838,226.99009996,0.0
1500593212058,33968839,226.99009994,2.571486
1500593212058,33968839,226.99009995,2.860111
1500593212063,33968840,227.24639999,0.0
1500593212088,33968841,227.17979993,0.0
1500593212148,33968842,226.97849994,5.89159
1500593212157,33968843,226.99009994,0.0
1500593212157,33968843,226.97849993,2.571486
1500593212227,33968844,226.99009994,2.860111
1500593212227,33968844,226.99009995,0.0
1500593212407,33968846,226.9685,5.832674
1500593212407,33968846,226.9901,0.0
1500593212407,33968847,226.99009994,0.0
1500593212407,33968847,226.97849992,2.860111
1500593212424,33968848,226.97849993,0.0
1500593212424,33968848,226.96849999,2.571486
1500593212449,33968849,229.40918626,0.440767
1500593212449,33968849,231.23827917,0.0
1500593212603,33968851,226.96849999,5.431597
1500593212603,33968851,226.97849992,0.0
1500593212613,33968852,226.99009998,0.0
1500593212613,33968852,226.96849998,0.61958
1500593212640,33968853,226.96849998,3.191066
1500593212640,33968853,226.96849999,2.860111
1500593212651,33968854,226.96849997,2.571486
1500593212651,33968854,226.96849998,0.61958
1500593212792,33968855,226.96849998,3.479691
1500593212792,33968855,226.96849999,0.0
1500593212865,33968856,227,29.423294
1500593212972,33968857,226.96849996,2.860111
1500593212972,33968857,226.96849998,0.61958
1500593212997,33968858,226.96849995,2.571486
1500593212997,33968858,226.96849997,0.0
1500593213047,33968859,227,30.238129
1500593213047,33968859,227.16979987,0.0
1500593213180,33968860,226.96849996,0.0
1500593213180,33968860,226.96849994,2.860111
1500593213190,33968861,226.96849993,2.571486
1500593213190,33968861,226.96849995,0.0
1500593213341,33968863,227.22949986,0.0
1500593213368,33968864,226.96849992,2.860111
1500593213368,33968864,226.96849994,0.0
1500593213377,33968865,226.96849991,2.571486
1500593213377,33968865,226.96849993,0.0
1500593213502,33968867,226.96499993,5.89159
1500593213512,33968868,226.96849991,0.0
1500593213512,33968868,226.96499992,2.571486
1500593213513,33968869,226.9685,0.0
1500593213513,33968869,226.9586,5.774347
1500593213522,33968870,226.95859999,2.571486
1500593213522,33968870,226.96499992,0.0
1500593213560,33968871,226.95859998,0.61958
1500593213560,33968871,226.96849998,0.0
1500593213561,33968872,226.96849992,0.0
1500593213561,33968872,226.9684999,2.860111
1500593213569,33968873,226.95859999,0.0
1500593213569,33968873,226.95859997,2.571486
1500593213755,33968874,226.9684999,0.0
1500593213755,33968874,226.95859997,5.431597
1500593213766,33968875,226.95859997,2.860111
1500593213766,33968875,226.95859996,2.571486
1500593213936,33968876,226.95859997,0.0
1500593213936,33968876,226.95859996,5.431597
1500593213945,33968877,226.95859996,2.860111
1500593213945,33968877,226.95859995,2.571486
1500593214098,33968878,239.9916,0.0
1500593214165,33968879,226.95859996,0.0
1500593214165,33968879,226.95859997,2.860111
1500593214350,33968880,226.95859997,0.0
1500593214350,33968880,226.95859994,2.860111
1500593214362,33968881,226.95859995,0.0
1500593214362,33968881,226.95859993,2.571486
1500593214403,33968882,226.96499993,0.0
1500593214529,33968883,226.95859994,0.0
1500593214698,33968884,226.9487,5.716603
1500593214698,33968884,226.9586,0.0
1500593214706,33968885,226.95859993,0.0
1500593214706,33968885,226.94869999,2.571486
1500593215128,33968888,226.93869999,5.1
1500593215138,33968889,226.93869998,2.571486
1500593215138,33968889,226.94869999,0.0
1500593215808,33968891,226.9287,5.049
1500593215808,33968891,226.9487,0.0
1500593215825,33968892,226.93869998,0.0
1500593215825,33968892,226.92869999,2.571486
1500593217255,33968893,227,30.938129
1500593217421,33968895,226.9287,0.0
1500593217421,33968895,226.9188,4.99851
1500593217431,33968896,226.92869999,0.0
1500593217431,33968896,226.91879999,2.571486
1500593217768,33968898,226.9188,4.769221
1500593217768,33968898,226.91879999,0.0
1500593218003,33968899,226.66855229,0.104191
1500593218003,33968899,227.54994834,0.0
1500593218381,33968901,226.93869999,0.0
1500593218552,33968902,226.9089,4.721528
1500593218552,33968902,226.9188,0.0
1500593218801,33968903,226.95859998,0.0
1500593218801,33968903,226.66855228,0.61958
1500593220347,33968905,226.9089,0.0
1500593220347,33968905,226.899,4.674312
1500593220844,33968906,248.85,0.0
1500593220844,33968906,250.42,46.85
1500593221327,33968907,226.65855228,5.1
1500593221403,33968908,226.65855227,0.61958
1500593221403,33968908,226.66855228,0.0
1500593221495,33968909,226.6486,5.049
1500593221495,33968909,226.899,0.0
1500593221607,33968910,226.64859999,0.61958
1500593221607,33968910,226.65855227,0.0
1500593221618,33968911,227.28019997,0.0
1500593221618,33968911,226.89899999,2.863917
1500593221648,33968912,229.40918626,0.0
1500593221648,33968912,228.63753003,0.440767
1500593222371,33968914,227.26039987,0.0
1500593222530,33968916,226.97849994,0.0
1500593222652,33968918,226.6387,4.99851
1500593222652,33968918,226.6486,0.0
1500593222703,33968919,226.64039999,5.89159
1500593222718,33968920,226.64859998,6.252045
1500593222872,33968921,226.63869999,0.61958
1500593222872,33968921,226.64859999,0.0
1500593224086,33968925,226.6387,0.0
1500593224086,33968925,226.6288,4.948524
1500593224135,33968927,226.65855228,0.0
1500593224253,33968929,226.63869998,2.856637
1500593224430,33968930,226.63869998,0.0
1500593224430,33968930,226.62879999,2.856637
1500593224451,33968931,226.63869999,0.0
1500593224451,33968931,226.62879999,3.476217
1500593224629,33968932,226.62879998,2.856637
1500593224629,33968932,226.62879999,0.61958
1500593224864,33968934,226.62879999,3.476217
1500593224864,33968934,226.62879998,0.0
1500593224973,33968936,225.78783289,0.104191
1500593224973,33968936,226.66855229,0.0
1500593225150,33968937,225.78783288,2.856637
1500593225150,33968937,226.62879999,0.61958
1500593225318,33968938,226.6288,0.0
1500593225318,33968938,226.6189,4.899038
1500593226536,33968943,226.609,4.850047
1500593226536,33968943,226.6189,0.0
1500593226542,33968945,225.78783287,0.61958
1500593226542,33968945,226.62879999,0.0
1500593226595,33968946,250.96,57.54
1500593226595,33968946,248.98,0.0
1500593226721,33968947,225.78783286,2.859884
1500593226721,33968947,225.78783288,0.0
1500593227034,33968948,225.77783286,5.1
1500593227214,33968949,225.77783285,2.859884
1500593227214,33968949,225.78783286,0.0
1500593227242,33968950,228.5726,0.0
1500593227398,33968951,230.01013225,0.440767
1500593227398,33968951,228.63753003,0.0
1500593227688,33968952,225.78783287,0.0
1500593227688,33968952,225.77783284,0.61958
1500593227858,33968953,226.609,0.0
1500593227858,33968953,225.7679,5.049
1500593227866,33968954,225.77783285,0.0
1500593227866,33968954,225.77783283,2.859884
1500593228048,33968955,225.77783283,0.0
1500593228048,33968955,225.76789999,2.859884
1500593228069,33968956,226.9999,34.618
1500593228972,33968959,225.758,4.99851
1500593228972,33968959,225.7679,0.0
1500593228987,33968961,225.75799999,2.885997
1500593229150,33968962,225.75799999,5.745881
1500593229150,33968962,225.76789999,0.0
1500593229160,33968963,225.75799999,2.859884
1500593229160,33968963,225.75799998,2.885997
1500593229216,33968965,225.76289999,9.89825
1500593229337,33968966,225.75799999,0.0
1500593229337,33968966,225.75799998,5.745881
1500593229347,33968967,226.9999,0.0
1500593229347,33968968,225.75799998,2.859884
1500593229347,33968968,225.75799997,2.885997
1500593229516,33968969,225.75799998,0.0
1500593229516,33968969,225.75799999,2.859884
1500593229693,33968971,225.75799999,0.0
1500593229794,33968972,226.6188,34.618
1500593230171,33968973,225.77783286,0.0
1500593230255,33968974,225.74759997,15.78984
1500593230264,33968975,225.75799997,0.0
1500593230264,33968975,225.74759996,2.885997
1500593230334,33968976,225.74319996,5.88392
1500593230343,33968977,225.74319995,2.885997
1500593230343,33968977,225.74759996,0.0
1500593230351,33968978,225.7481,4.948524
1500593230351,33968978,225.758,0.0
1500593230477,33968979,225.74319996,0.0
1500593230516,33968980,225.77783284,0.0
1500593230516,33968980,225.74319994,0.61958
1500593230536,33968981,225.74319995,0.0
1500593230536,33968981,225.74319993,2.885997
1500593230604,33968982,225.73159995,5.46047
1500593230618,33968983,225.74319993,0.0
1500593230618,33968983,225.73159994,2.885997
1500593230733,33968984,225.73159995,0.0
1500593230746,33968985,225.74319994,0.0
1500593230746,33968985,225.73159993,0.61958
1500593230763,33968986,225.73159994,0.0
1500593230763,33968986,225.73159992,2.885997
1500593230866,33968987,225.74759997,0.0
1500593230937,33968988,225.73159991,0.61958
1500593230937,33968988,225.73159993,0.0
1500593230945,33968989,225.7315999,2.885997
1500593230945,33968989,225.73159992,0.0
1500593230992,33968990,225.72749994,4.34405
1500593231001,33968991,225.7315999,0.0
1500593231001,33968991,225.72749993,2.885997
1500593231029,33968992,225.78783289,0.0
1500593231029,33968992,228.37280426,0.104191
1500593231259,33968993,225.71989992,11.44579
1500593231274,33968994,225.72749993,0.0
1500593231274,33968994,225.71989991,2.885997
1500593231362,33968995,225.71279991,1.69364
1500593231413,33968996,225.71989991,0.0
1500593231413,33968996,225.7127999,2.885997
1500593231450,33968997,225.7099,11.331332
1500593231450,33968997,225.7481,0.0
1500593231524,33968998,225.70989999,2.885997
1500593231524,33968998,225.7127999,0.0
1500593231659,33968999,225.71279991,0.0
1500593231896,33969001,225.70709999,0.73525
1500593231902,33969002,225.70989999,0.0
1500593231902,33969002,225.70709998,2.885997
1500593232578,33969007,225.7099,0.0
1500593232578,33969007,225.7,11.218018
1500593232588,33969008,225.69599998,9.4749
1500593232606,33969009,225.73159991,0.0
1500593232606,33969009,225.70709997,0.61958
1500593232607,33969010,225.69999999,2.885997
1500593232607,33969010,225.70709998,0.0
1500593232619,33969011,225.69599997,2.885997
1500593232619,33969011,225.69999999,0.0
1500593232905,33969013,226.64039999,0.0
1500593233112,33969014,225.68919997,5.89159
1500593233121,33969015,225.68599997,5.1
1500593233121,33969016,225.69599997,0.0
1500593233121,33969016,225.68919996,2.885997
1500593233175,33969017,226.6188,0.0
1500593233184,33969018,225.68919996,0.0
1500593233184,33969018,225.68599996,2.885997
1500593233391,33969019,228.44659095,0.440767
1500593233391,33969019,230.01013225,0.0
1500593233604,33969020,228.3728,34.618
1500593233773,33969021,225.7,0.0
1500593233773,33969021,225.676,5.049
1500593233782,33969022,225.68599996,0.0
1500593233782,33969022,225.67599999,2.885997
1500593234489,33969026,225.70709997,0.0
1500593234489,33969026,225.67599998,0.61958
1500593234519,33969028,225.67599999,0.0
1500593234519,33969028,225.67599997,2.985928
1500593234880,33969032,225.666,2.956068
1500593234880,33969032,225.676,0.0
1500593234889,33969033,225.66599999,2.985928
1500593234889,33969033,225.67599997,0.0
1500593235210,33969034,226.64859997,5.101239
1500593235821,33969036,225.69599998,0.0
1500593235902,33969037,225.66139999,2.08049
1500593235913,33969038,225.66599999,0.0
1500593235913,33969038,225.66139998,2.985928
1500593235992,33969039,225.656,2.956068
1500593235992,33969039,225.666,0.0
1500593236002,33969040,225.65599999,2.985928
1500593236002,33969040,225.66139998,0.0
1500593236075,33969041,225.66139999,0.0
1500593236155,33969042,225.64949999,1.11624
1500593236164,33969043,225.65599999,0.0
1500593236164,33969043,225.64949998,2.985928
1500593236178,33969044,225.68599997,0.0
1500593236330,33969046,225.64659998,8.35866
1500593236341,33969047,225.64949998,0.0
1500593236341,33969047,225.64659997,2.985928
1500593236486,33969049,225.67599998,0.0
1500593236486,33969049,225.64659996,0.61958
1500593236495,33969050,225.64659995,2.985928
1500593236495,33969050,225.64659997,0.0
1500593237192,33969051,228.37280426,0.0
1500593237192,33969051,227.59169327,0.104191
1500593237285,33969052,228.3728,0.0
1500593237363,33969053,225.656,0.0
1500593237363,33969053,225.6366,2.956068
1500593237375,33969054,225.64659995,0.0
1500593237375,33969054,225.63659999,2.985928
1500593237778,33969056,226.9999,34.618
1500593238455,33969057,225.64659996,0.0
1500593238455,33969057,225.63659998,0.61958
1500593238464,33969058,225.63659997,2.985928
1500593238464,33969058,225.63659999,0.0
1500593238624,33969059,225.6266,2.956068
1500593238624,33969059,225.6366,0.0
1500593238635,33969060,225.63659997,0.0
1500593238635,33969060,225.62659999,2.985928
1500593239152,33969063,225.76289999,0.0
1500593239152,33969064,225.61659999,5.1
1500593239161,33969065,225.62659999,0.0
1500593239161,33969065,225.61659998,3.074808
1500593239229,33969066,225.62069999,9.89825
1500593239309,33969067,225.62659998,2.853024
1500593240118,33969068,225.71062971,29.069154
1500593240289,33969069,225.6066,3.044059
1500593240289,33969069,225.6266,0.0
1500593240298,33969070,225.61659998,0.0
1500593240298,33969070,225.60659999,3.074808
1500593240311,33969071,225.62659998,0.0
1500593240311,33969071,225.61659997,2.853024
1500593240463,33969072,225.63659998,0.0
1500593240463,33969072,225.60659998,0.61958
1500593240478,33969073,225.60659997,3.074808
1500593240478,33969073,225.60659999,0.0
1500593240498,33969074,225.60659998,3.472604
1500593240498,33969074,225.61659997,0.0
1500593240682,33969075,225.60659998,0.61958
1500593240682,33969075,225.60659996,2.853024
1500593240701,33969076,225.60659997,0.0
1500593240701,33969076,225.60659995,3.074808
1500593240712,33969077,229.40918626,0.440767
1500593240712,33969077,228.44659095,0.0
1500593240878,33969078,225.60659999,2.853024
1500593240878,33969078,225.60659996,0.0
1500593241057,33969079,225.60659994,2.853024
1500593241057,33969079,225.60659999,0.0
1500593241066,33969080,225.60659995,0.0
1500593241066,33969080,225.60659993,3.074808
1500593241103,33969081,249.02,0.0
1500593241103,33969081,250.71,59.41
1500593241183,33969083,225.72749994,0.0
1500593241271,33969084,225.71989992,0.0
1500593241271,33969085,225.60659999,2.853024
1500593241271,33969085,225.60659994,0.0
1500593241410,33969086,225.60659992,2.863917
1500593241410,33969086,226.89899999,0.0
1500593241410,33969087,225.59839993,15.78984
1500593241420,33969088,225.60659993,0.0
1500593241420,33969088,225.60659991,3.074808
1500593241433,33969089,225.59839992,3.074808
1500593241433,33969089,225.60659991,0.0
1500593241439,33969090,225.5966,3.044059
1500593241439,33969090,225.6066,0.0
1500593241449,33969091,225.59659999,3.074808
1500593241449,33969091,225.59839992,0.0
1500593241576,33969092,225.60659992,5.716941
1500593241576,33969092,225.60659999,0.0
1500593241807,33969096,225.60659992,2.863917
1500593241807,33969096,225.59659998,2.843171
1500593241815,33969097,225.59659999,0.0
1500593241815,33969097,225.59659997,3.074808
1500593241993,33969098,225.59659999,2.843171
1500593241993,33969098,225.59659998,0.0
1500593242076,33969099,225.70709999,0.0
1500593242093,33969100,227.81580758,0.104191
1500593242093,33969100,227.59169327,0.0
1500593242093,33969101,226.64859998,0.0
1500593242159,33969102,225.59279997,0.73525
1500593242176,33969103,225.59279996,3.074808
1500593242176,33969103,225.59659997,0.0
1500593242177,33969104,225.59659999,0.0
1500593242177,33969104,225.59659996,2.843171
1500593242194,33969105,225.61659999,0.0
1500593242463,33969106,225.60659998,0.0
1500593242463,33969106,225.59279995,0.61958
1500593242476,33969107,225.59279994,3.074808
1500593242476,33969107,225.59279996,0.0
1500593242576,33969108,225.59659997,6.252045
1500593242631,33969109,225.5966,0.0
1500593242631,33969109,225.5828,3.044059
1500593242642,33969110,225.58279999,3.074808
1500593242642,33969110,225.59279994,0.0
1500593242642,33969111,225.59279994,2.843171
1500593242642,33969111,225.59659996,0.0
1500593243316,33969112,225.58279998,2.843171
1500593243316,33969112,225.59279994,0.0
1500593243327,33969113,225.58279997,3.074808
1500593243327,33969113,225.58279999,0.0
1500593243468,33969114,225.68919997,0.0
1500593243522,33969116,225.58279996,2.843171
1500593243522,33969116,225.58279998,0.0
1500593243555,33969117,225.57849997,5.89159
1500593243570,33969118,225.58279997,0.0
1500593243570,33969118,225.58279995,3.074808
1500593243609,33969119,225.58279995,0.0
1500593243609,33969119,225.57849996,3.074808
1500593243679,33969120,225.71062971,0.0
1500593243679,33969120,225.95214169,29.069154
1500593243734,33969121,225.57849996,5.917979
1500593243734,33969121,225.58279996,0.0
1500593243738,33969122,225.5685,5.832674
1500593243738,33969122,225.5828,0.0
1500593243748,33969123,225.57849996,2.843171
1500593243748,33969123,225.57849995,3.074808
1500593243760,33969124,225.56849999,3.074808
1500593243760,33969124,225.57849995,0.0
1500593243913,33969125,225.57849996,0.0
1500593243913,33969125,225.57849995,2.843171
1500593244091,33969126,225.56849998,2.843171
1500593244091,33969126,225.57849995,0.0
1500593244101,33969127,225.56849999,0.0
1500593244101,33969127,225.56849997,3.074808
1500593244279,33969128,225.56849998,0.0
1500593244279,33969128,225.56849999,2.843171
1500593244450,33969129,225.59279995,0.0
1500593244450,33969129,225.56849996,0.61958
1500593244457,33969130,225.56849999,0.0
1500593244457,33969130,225.56849996,3.462751
1500593244461,33969131,225.56849997,0.0
1500593244461,33969131,225.56849995,3.074808
1500593244638,33969133,225.56849995,5.917979
1500593244638,33969133,225.56849996,0.61958
1500593244655,33969134,225.56849995,2.843171
1500593244655,33969134,225.56849994,3.074808
1500593244833,33969135,225.56849995,0.0
1500593244833,33969135,225.56849999,2.843171
1500593244999,33969136,225.55849994,5.1
1500593245007,33969137,225.5585,3.044059
1500593245007,33969137,225.5685,0.0
1500593245011,33969138,225.55849993,3.074808
1500593245011,33969138,225.56849994,0.0
1500593245014,33969139,225.56849999,0.0
1500593245014,33969139,225.56849993,2.843171
1500593245313,33969140,225.55849992,2.843171
1500593245313,33969140,225.56849993,0.0
1500593245332,33969141,225.55849993,0.0
1500593245332,33969141,225.55849991,3.074808
1500593245511,33969142,225.55849992,0.0
1500593245511,33969142,225.55849993,2.843171
1500593245689,33969143,225.55849993,0.0
1500593245689,33969143,225.5584999,2.843171
1500593245698,33969144,225.55849989,3.074808
1500593245698,33969144,225.55849991,0.0
1500593245897,33969145,225.55849988,2.843171
1500593245897,33969145,225.5584999,0.0
1500593245905,33969146,225.55849987,3.074808
1500593245905,33969146,225.55849989,0.0
1500593246092,33969147,225.55849986,2.843171
1500593246092,33969147,225.55849988,0.0
1500593246104,33969148,225.55849985,3.074808
1500593246104,33969148,225.55849987,0.0
1500593246263,33969149,225.5485,3.044059
1500593246263,33969149,225.5585,0.0
1500593246273,33969150,225.55849985,0.0
1500593246273,33969150,225.54849999,3.074808
1500593246283,33969151,225.55849986,0.0
1500593246283,33969151,225.55849984,2.843171
1500593246394,33969152,225.64949999,0.0
1500593246462,33969153,225.54849998,0.61958
1500593246462,33969153,225.56849996,0.0
1500593246462,33969154,225.54849999,0.0
1500593246462,33969154,225.54849997,3.074808
1500593246489,33969155,225.54849998,3.462751
1500593246489,33969155,225.55849984,0.0
1500593246598,33969156,249.04,0.0
1500593246598,33969156,250.9,250.07
1500593246598,33969157,225.64659998,0.0
1500593246646,33969158,225.54849996,2.843171
1500593246646,33969158,225.54849998,0.61958
1500593246655,33969159,225.54849997,0.0
1500593246655,33969159,225.54849995,3.074808
1500593246711,33969160,225.53979997,9.4749
1500593246725,33969161,225.54849995,0.0
1500593246725,33969161,225.53979996,3.074808
1500593246835,33969163,225.54849999,2.843171
1500593246835,33969163,225.54849996,0.0
1500593247025,33969165,225.54849999,0.0
1500593247025,33969165,225.53979995,2.843171
1500593247025,33969166,229.40918626,0.0
1500593247025,33969166,227.60875443,0.440767
1500593247035,33969167,225.53979996,0.0
1500593247035,33969167,225.53979994,3.074808
1500593247212,33969168,225.53979995,0.0
1500593247212,33969168,225.53979996,2.843171
1500593247382,33969169,225.5485,0.0
1500593247382,33969169,225.5298,3.044059
1500593247393,33969170,225.53979996,0.0
1500593247393,33969170,225.53979993,2.843171
1500593247393,33969171,225.52979999,3.074808
1500593247393,33969171,225.53979994,0.0
1500593247571,33969173,225.53979993,0.0
1500593247571,33969173,225.52979999,5.917979
1500593247579,33969174,225.52979998,3.074808
1500593247579,33969174,225.52979999,2.843171
1500593247599,33969175,225.53979993,0.61958
1500593247599,33969175,225.54849998,0.0
1500593247793,33969176,225.52979998,5.923919
1500593247793,33969176,225.52979999,0.0
1500593247802,33969177,225.52979997,3.074808
1500593247802,33969177,225.52979998,2.849111
1500593247972,33969178,225.52979997,5.923919
